ticker,company_name,date,year,quarter,month,close_price,open_price,high_price,low_price,volume,shares_outstanding,market_cap,market_cap_billions,revenue,revenue_millions,gross_profit,net_income,operating_income,ebitda,ps_ratio,current_pe,forward_pe,current_ps,current_pb,peg_ratio,revenue_qoq_pct,revenue_yoy_pct,market_cap_yoy_pct,sector,industry,country,employees,year_quarter
000660 KS,SK HYNIX INC,2015-01-01 00:00:00+09:00,2015,1,1,41437.95703125,41524.92021494622,44699.07641985834,40611.80678613589,53483941,690412123,28609267886728.09,28609.26788672809,,,,,,,,,7.4762254,3.5365076,,,,,,Technology,Semiconductors,South Korea,33626,2015-Q1
000660 KS,SK HYNIX INC,2015-02-01 00:00:00+09:00,2015,1,2,40524.84375,41133.58603809013,41655.365142167386,39133.43280579399,39894722,690412123,27978843407680.78,27978.843407680783,,,,,,,,,7.4762254,3.5365076,,,,,,Technology,Semiconductors,South Korea,33626,2015-Q1
000660 KS,SK HYNIX INC,2015-03-01 00:00:00+09:00,2015,1,3,39611.734375,40742.25588295829,42046.703776756316,37481.13614846323,66876826,690412123,27348421625555.83,27348.421625555828,,,,,,,,,7.4762254,3.5365076,,,,,,Technology,Semiconductors,South Korea,33626,2015-Q1
000660 KS,SK HYNIX INC,2015-04-01 00:00:00+09:00,2015,2,4,40133.51953125,39959.5931194136,41307.52281114572,36133.21205901273,73472495,690412123,27708668423032.277,27708.66842303228,,,,,,,,,7.4762254,3.5365076,,,,,,Technology,Semiconductors,South Korea,33626,2015-Q2
000660 KS,SK HYNIX INC,2015-05-01 00:00:00+09:00,2015,2,5,44438.203125,40133.523957314086,44612.12955601761,38611.667685909975,48711522,690412123,30680674161836.484,30680.674161836483,,,,,,,,,7.4762254,3.5365076,,,,,,Technology,Semiconductors,South Korea,33626,2015-Q2
000660 KS,SK HYNIX INC,2015-06-01 00:00:00+09:00,2015,2,6,36785.43359375,44003.37919252364,44959.97439236111,35307.05919400118,71087633,690412123,25397109302936.457,25397.109302936457,,,,,,,,,7.4762254,3.5365076,,,,,,Technology,Semiconductors,South Korea,33626,2015-Q2
000660 KS,SK HYNIX INC,2015-07-01 00:00:00+09:00,2015,3,7,32263.35546875,37220.25913915095,37568.11202830189,29610.97718897406,105251231,690412123,22275011744283.348,22275.011744283347,,,,,,,,,7.4762254,3.5365076,,,,,,Technology,Semiconductors,South Korea,33626,2015-Q3
000660 KS,SK HYNIX INC,2015-08-01 00:00:00+09:00,2015,3,8,31132.830078125,31741.572565686103,33306.91039084322,26349.8533901449,103747726,690412123,21494483309236.54,21494.48330923654,,,,,,,,,7.4762254,3.5365076,,,,,,Technology,Semiconductors,South Korea,33626,2015-Q3
000660 KS,SK HYNIX INC,2015-09-01 00:00:00+09:00,2015,3,9,29176.16015625,30567.571668917662,31741.575132731,29002.233717166542,67804680,690412123,20143574674464.574,20143.574674464573,,,,,,,,,7.4762254,3.5365076,,,,,,Technology,Semiconductors,South Korea,33626,2015-Q3
000660 KS,SK HYNIX INC,2015-10-01 00:00:00+09:00,2015,4,10,26697.703125,29350.080797027687,33132.9800997557,26480.295119096092,90745363,690412123,18432417893754.984,18432.417893754984,,,,,,,,,7.4762254,3.5365076,,,,,,Technology,Semiconductors,South Korea,33626,2015-Q4
000660 KS,SK HYNIX INC,2015-11-01 00:00:00+09:00,2015,4,11,27480.37890625,26697.709886768196,29697.94112811511,26132.44892825356,77816882,690412123,18972786741508.48,18972.78674150848,,,,,,,,,7.4762254,3.5365076,,,,,,Technology,Semiconductors,South Korea,33626,2015-Q4
000660 KS,SK HYNIX INC,2015-12-01 00:00:00+09:00,2015,4,12,26741.1875,27523.856402439025,28828.30457317073,24827.996849593495,59495764,690412123,18462440033416.062,18462.440033416064,,,,,,,,,7.4762254,3.5365076,,,,,,Technology,Semiconductors,South Korea,33626,2015-Q4
000660 KS,SK HYNIX INC,2016-01-01 00:00:00+09:00,2016,1,1,24131.431640625,27181.00816663805,27578.779017857145,22805.528803228022,70670973,690412123,16660632950033.28,16660.63295003328,,,,,,,,,7.4762254,3.5365076,,,,,-41.76490983272526,Technology,Semiconductors,South Korea,33626,2016-Q1
000660 KS,SK HYNIX INC,2016-02-01 00:00:00+09:00,2016,1,2,26518.0546875,24838.577890624998,27843.957421875,23733.658945312498,50300642,690412123,18308386434626.977,18308.386434626977,,,,,,,,,7.4762254,3.5365076,,,,,-34.56346222803142,Technology,Semiconductors,South Korea,33626,2016-Q1
000660 KS,SK HYNIX INC,2016-03-01 00:00:00+09:00,2016,1,3,24882.775390625,26518.055478463586,28506.909639348356,24750.18511323268,63266697,690412123,17179369783573.56,17179.369783573562,,,,,,,,,7.4762254,3.5365076,,,,,-37.18332261076361,Technology,Semiconductors,South Korea,33626,2016-Q1
000660 KS,SK HYNIX INC,2016-04-01 00:00:00+09:00,2016,2,4,24882.775390625,25147.955945409634,26297.071682809725,23645.266134963364,68996479,690412123,17179369783573.56,17179.369783573562,,,,,,,,,7.4762254,3.5365076,,,,,-38.00001674099376,Technology,Semiconductors,South Korea,33626,2016-Q2
000660 KS,SK HYNIX INC,2016-05-01 00:00:00+09:00,2016,2,5,25368.943359375,24705.991877858232,25987.698075457316,22672.940667873474,61910268,690412123,17515026043012.846,17515.026043012847,,,,,,,,,7.4762254,3.5365076,,,,,-42.9118605718264,Technology,Semiconductors,South Korea,33626,2016-Q2
000660 KS,SK HYNIX INC,2016-06-01 00:00:00+09:00,2016,2,6,28639.501953125,25501.531831717784,29258.256624951777,24219.825725790895,100900213,690412123,19773059345119.68,19773.05934511968,,,,,,,,,7.4762254,3.5365076,,,,,-22.144449160466127,Technology,Semiconductors,South Korea,33626,2016-Q2
000660 KS,SK HYNIX INC,2016-07-01 00:00:00+09:00,2016,3,7,30407.37109375,28109.139557594477,30407.37109375,26783.236748273983,68618658,690412123,20993617631684.77,20993.61763168477,,,,,,,,,7.4762254,3.5365076,,,,,-5.752608022428696,Technology,Semiconductors,South Korea,33626,2016-Q3
000660 KS,SK HYNIX INC,2016-08-01 00:00:00+09:00,2016,3,8,32219.44921875,30672.562082047323,32661.41697209362,29081.478170010287,58230900,690412123,22244698337007.88,22244.698337007878,,,,,,,,,7.4762254,3.5365076,,,,,3.4902677909403934,Technology,Semiconductors,South Korea,33626,2016-Q3
000660 KS,SK HYNIX INC,2016-09-01 00:00:00+09:00,2016,3,9,35534.19921875,32175.245063743783,37125.28276585821,31556.49035097948,59573399,690412123,24533241921722.13,24533.24192172213,,,,,,,,,7.4762254,3.5365076,,,,,21.79189800319905,Technology,Semiconductors,South Korea,33626,2016-Q3
000660 KS,SK HYNIX INC,2016-10-01 00:00:00+09:00,2016,4,10,36241.33984375,35534.191749237805,38539.571150914635,34340.87933974848,70250689,690412123,25021460381887.926,25021.460381887926,,,,,,,,,7.4762254,3.5365076,,,,,35.74703289667358,Technology,Semiconductors,South Korea,33626,2016-Q4
000660 KS,SK HYNIX INC,2016-11-01 00:00:00+09:00,2016,4,11,37920.82421875,36860.101862980766,38804.75951522436,34208.295973557695,57764657,690412123,26180996754777.004,26180.996754777003,,,,,,,,,7.4762254,3.5365076,,,,,37.99236301696509,Technology,Semiconductors,South Korea,33626,2016-Q4
000660 KS,SK HYNIX INC,2016-12-01 00:00:00+09:00,2016,4,12,39511.90625,38009.21630313199,41323.97353887025,38009.21630313199,47724187,690412123,27279499077839.47,27279.499077839468,,,,,,,,,7.4762254,3.5365076,,,,,47.75673761683172,Technology,Semiconductors,South Korea,33626,2016-Q4
000660 KS,SK HYNIX INC,2017-01-01 00:00:00+09:00,2017,1,1,48099.51953125,40082.932942708336,48816.08593022579,39948.57674290037,66028116,690412123,33208491394850.277,33208.49139485028,,,,,,,,,7.4762254,3.5365076,,,,,99.32310791820154,Technology,Semiconductors,South Korea,33626,2017-Q1
000660 KS,SK HYNIX INC,2017-02-01 00:00:00+09:00,2017,1,2,41829.55859375,48636.93857902838,49174.363314708244,40889.06530631023,96199499,690412123,28879634352863.832,28879.63435286383,,,,,,,,,7.4762254,3.5365076,,,,,57.73992129772434,Technology,Semiconductors,South Korea,33626,2017-Q1
000660 KS,SK HYNIX INC,2017-03-01 00:00:00+09:00,2017,1,3,45233.25390625,41829.563513304456,46755.95750309406,41695.20731358292,92236147,690412123,31229586859612.105,31229.586859612107,,,,,,,,,7.4762254,3.5365076,,,,,81.7854045465217,Technology,Semiconductors,South Korea,33626,2017-Q1
000660 KS,SK HYNIX INC,2017-04-01 00:00:00+09:00,2017,2,4,48368.23828125,45501.97230902778,48995.233962673614,43352.27282986111,57361105,690412123,33394018077527.684,33394.01807752768,,,,,,,,,7.4762254,3.5365076,,,,,94.38441862668398,Technology,Semiconductors,South Korea,33626,2017-Q2
000660 KS,SK HYNIX INC,2017-05-01 00:00:00+09:00,2017,2,5,51055.35546875,48368.23149671053,52667.62985197368,47830.80670230263,55854626,690412123,35249236359699.34,35249.236359699345,,,,,,,,,7.4762254,3.5365076,,,,,101.2514070669115,Technology,Semiconductors,South Korea,33626,2017-Q2
000660 KS,SK HYNIX INC,2017-06-01 00:00:00+09:00,2017,2,6,60370.71875,50786.64322143917,62341.276335311566,49622.22283011869,84324119,690412123,41680676099223.41,41680.676099223405,,,,,,,,,7.4762254,3.5365076,,,,,110.79528145709476,Technology,Semiconductors,South Korea,33626,2017-Q2
000660 KS,SK HYNIX INC,2017-07-01 00:00:00+09:00,2017,3,7,59116.72265625,59564.576615767044,65386.67808948863,57056.594442471585,84642480,690412123,40814901993903.766,40814.90199390377,,,,,,,,,7.4762254,3.5365076,,,,,94.41576344757074,Technology,Semiconductors,South Korea,33626,2017-Q3
000660 KS,SK HYNIX INC,2017-08-01 00:00:00+09:00,2017,3,8,61445.5703125,58489.73383974125,62072.565927933676,54996.47255375364,79731292,690412123,42422766648398.9,42422.7666483989,,,,,,,,,7.4762254,3.5365076,,,,,90.70956146805251,Technology,Semiconductors,South Korea,33626,2017-Q3
000660 KS,SK HYNIX INC,2017-09-01 00:00:00+09:00,2017,3,9,74254.1875,61803.8472557298,77299.59446622437,59654.14822074789,83415895,690412123,51265991233515.06,51265.991233515066,,,,,,,,,7.4762254,3.5365076,,,,,108.96541678873399,Technology,Semiconductors,South Korea,33626,2017-Q3
000660 KS,SK HYNIX INC,2017-10-01 00:00:00+09:00,2017,4,10,73627.1875,74254.18301399026,80882.42130474452,68521.65260036496,104818632,690412123,50833102832394.06,50833.10283239406,,,,,,,,,7.4762254,3.5365076,,,,,103.15801738410997,Technology,Semiconductors,South Korea,33626,2017-Q4
000660 KS,SK HYNIX INC,2017-11-01 00:00:00+09:00,2017,4,11,68790.375,77030.888671875,78553.59228515625,68790.375,91024533,690412123,47493708845716.125,47493.70884571612,,,,,,,,,7.4762254,3.5365076,,,,,81.40527379672963,Technology,Semiconductors,South Korea,33626,2017-Q4
000660 KS,SK HYNIX INC,2017-12-01 00:00:00+09:00,2017,4,12,68521.6484375,69148.6439133987,72373.1920751634,66282.37888071896,75212224,690412123,47308176769194.01,47308.17676919401,,,,,,,,,7.4762254,3.5365076,,,,,73.42025465425375,Technology,Semiconductors,South Korea,33626,2017-Q4
000660 KS,SK HYNIX INC,2018-01-01 00:00:00+09:00,2018,1,1,66736.375,69460.30867346938,72638.231292517,64194.0369047619,100383902,690412123,46075602345074.125,46075.60234507413,,,,,,,,,7.4762254,3.5365076,,,,,38.7464483021327,Technology,Semiconductors,South Korea,33626,2018-Q1
000660 KS,SK HYNIX INC,2018-02-01 00:00:00+09:00,2018,1,2,69732.703125,68007.54510498047,72184.24346923828,61924.09313964844,70480039,690412123,48144303607059.984,48144.303607059985,,,,,,,,,7.4762254,3.5365076,,,,,66.70676303865939,Technology,Semiconductors,South Korea,33626,2018-Q1
000660 KS,SK HYNIX INC,2018-03-01 00:00:00+09:00,2018,1,3,73818.609375,69732.70848708488,83079.98472094096,68915.52830950185,100047412,690412123,50965262815501.45,50965.26281550145,,,,,,,,,7.4762254,3.5365076,,,,,63.19544361764407,Technology,Semiconductors,South Korea,33626,2018-Q1
000660 KS,SK HYNIX INC,2018-04-01 00:00:00+09:00,2018,2,4,76724.1484375,74181.8097910503,80628.45421597634,71457.87552699704,84452872,690412123,52971282208101.51,52971.28220810151,,,,,,,,,7.4762254,3.5365076,,,,,58.625062983206064,Technology,Semiconductors,South Korea,33626,2018-Q2
000660 KS,SK HYNIX INC,2018-05-01 00:00:00+09:00,2018,2,5,84805.140625,76724.13686094753,88709.44581437367,74998.97875401498,69491798,690412123,58550497180219.8,58550.4971802198,,,,,,,,,7.4762254,3.5365076,,,,,66.10429963005076,Technology,Semiconductors,South Korea,33626,2018-Q2
000660 KS,SK HYNIX INC,2018-06-01 00:00:00+09:00,2018,2,6,77813.6875,82444.37368728122,84169.53128646442,74726.56337514587,69184335,690412123,53723513185333.56,53723.51318533356,,,,,,,,,7.4762254,3.5365076,,,,,28.8930943860926,Technology,Semiconductors,South Korea,33626,2018-Q2
000660 KS,SK HYNIX INC,2018-07-01 00:00:00+09:00,2018,3,7,78358.4921875,77178.12092627463,82807.58386442641,71367.06240947277,69910321,690412123,54099652946250.79,54099.65294625079,,,,,,,,,7.4762254,3.5365076,,,,,32.548775822936626,Technology,Semiconductors,South Korea,33626,2018-Q3
000660 KS,SK HYNIX INC,2018-08-01 00:00:00+09:00,2018,3,8,75362.1484375,77995.28374435242,78449.27259036145,65828.38267131025,81485543,690412123,52030940896575.51,52030.94089657551,,,,,,,,,7.4762254,3.5365076,,,,,22.648627157699153,Technology,Semiconductors,South Korea,33626,2018-Q3
000660 KS,SK HYNIX INC,2018-09-01 00:00:00+09:00,2018,3,9,66373.1796875,74635.77797965116,75180.56468023256,66373.1796875,69483962,690412123,45824847898307.35,45824.84789830735,,,,,,,,,7.4762254,3.5365076,,,,,-10.613553360206119,Technology,Semiconductors,South Korea,33626,2018-Q3
000660 KS,SK HYNIX INC,2018-10-01 00:00:00+09:00,2018,4,10,61924.09375,67462.75902675952,67735.1524010264,57111.81080461877,88033736,690412123,42753145030788.53,42753.14503078853,,,,,,,,,7.4762254,3.5365076,,,,,-15.89507102929879,Technology,Semiconductors,South Korea,33626,2018-Q4
000660 KS,SK HYNIX INC,2018-11-01 00:00:00+09:00,2018,4,11,63195.265625,62559.681056932466,67644.3576014727,60017.34278466235,67714126,690412123,43630777503705.17,43630.77750370517,,,,,,,,,7.4762254,3.5365076,,,,,-8.133564288608685,Technology,Semiconductors,South Korea,33626,2018-Q4
000660 KS,SK HYNIX INC,2018-12-01 00:00:00+09:00,2018,4,12,54932.6640625,64466.432205578516,64557.22999741736,52753.51705836777,59984599,690412123,37926177217436.43,37926.17721743643,,,,,,,,,7.4762254,3.5365076,,,,,-19.831665882053017,Technology,Semiconductors,South Korea,33626,2018-Q4
000660 KS,SK HYNIX INC,2019-01-01 00:00:00+09:00,2019,1,1,68817.125,56338.78298376184,71797.02757104195,52800.14868064952,84140179,690412123,47512177370006.375,47512.17737000638,,,,,,,,,7.4762254,3.5365076,,,,,3.1178648825322064,Technology,Semiconductors,South Korea,33626,2019-Q1
000660 KS,SK HYNIX INC,2019-02-01 00:00:00+09:00,2019,1,2,65185.39453125,70213.982109375,72821.397890625,65092.2725390625,54567361,690412123,45004786626912.91,45004.78662691291,,,,,,,,,7.4762254,3.5365076,,,,,-6.52105596078597,Technology,Semiconductors,South Korea,33626,2019-Q1
000660 KS,SK HYNIX INC,2019-03-01 00:00:00+09:00,2019,1,3,69096.4921875,65185.369988207545,73473.2241724225,61367.369746041106,74433210,690412123,47705055863024.79,47705.05586302479,,,,,,,,,7.4762254,3.5365076,,,,,-6.39691972997155,Technology,Semiconductors,South Korea,33626,2019-Q1
000660 KS,SK HYNIX INC,2019-04-01 00:00:00+09:00,2019,2,4,73566.3515625,70400.20478639241,76732.49833860759,70307.08282238925,70360052,690412123,50791100963629.99,50791.10096362999,,,,,,,,,7.4762254,3.5365076,,,,,-4.115779633021754,Technology,Semiconductors,South Korea,33626,2019-Q2
000660 KS,SK HYNIX INC,2019-05-01 00:00:00+09:00,2019,2,5,60808.64453125,73566.35402708652,75708.1592709131,60249.91272851263,79337971,690412123,41983025367572.66,41983.025367572656,,,,,,,,,7.4762254,3.5365076,,,,,-28.296039505270254,Technology,Semiconductors,South Korea,33626,2019-Q2
000660 KS,SK HYNIX INC,2019-06-01 00:00:00+09:00,2019,2,6,64719.765625,60715.52113309353,66675.3268884892,58108.10611510791,64627524,690412123,44683310785218.67,44683.31078521867,,,,,,,,,7.4762254,3.5365076,,,,,-16.827273318720437,Technology,Semiconductors,South Korea,33626,2019-Q2
000660 KS,SK HYNIX INC,2019-07-01 00:00:00+09:00,2019,3,7,71610.796875,66116.60049577373,75149.43183111184,61646.745814369315,68847930,690412123,49440962300190.516,49440.96230019051,,,,,,,,,7.4762254,3.5365076,,,,,-8.61131336773784,Technology,Semiconductors,South Korea,33626,2019-Q3
000660 KS,SK HYNIX INC,2019-08-01 00:00:00+09:00,2019,3,8,72076.421875,70120.86004118217,73287.00777212532,66582.22434189277,52634024,690412123,49762435444962.39,49762.43544496239,,,,,,,,,7.4762254,3.5365076,,,,,-4.359916258524588,Technology,Semiconductors,South Korea,33626,2019-Q3
000660 KS,SK HYNIX INC,2019-09-01 00:00:00+09:00,2019,3,9,76546.2578125,71703.91546913017,78781.18504790147,71052.06169213809,48311757,690412123,52848464364033.46,52848.46436403346,,,,,,,,,7.4762254,3.5365076,,,,,15.32709171520359,Technology,Semiconductors,South Korea,33626,2019-Q3
000660 KS,SK HYNIX INC,2019-10-01 00:00:00+09:00,2019,4,10,76360.0078125,76173.76389100609,78222.44702743902,71797.03173589939,63636224,690412123,52719875106124.71,52719.87510612471,,,,,,,,,7.4762254,3.5365076,,,,,23.312273443646482,Technology,Semiconductors,South Korea,33626,2019-Q4
000660 KS,SK HYNIX INC,2019-11-01 00:00:00+09:00,2019,4,11,75335.6640625,76639.37147520087,80550.49371330345,74963.17623029975,45635634,690412123,52012655763005.43,52012.65576300543,,,,,,,,,7.4762254,3.5365076,,,,,19.210930308515508,Technology,Semiconductors,South Korea,33626,2019-Q4
000660 KS,SK HYNIX INC,2019-12-01 00:00:00+09:00,2019,4,12,87627.7578125,75335.6600109591,90328.29445071732,71517.65993623805,71423375,690412123,60499266305057.96,60499.26630505796,,,,,,,,,7.4762254,3.5365076,,,,,59.51849288212372,Technology,Semiconductors,South Korea,33626,2019-Q4
000660 KS,SK HYNIX INC,2020-01-01 00:00:00+09:00,2020,1,1,87997.2890625,88561.97754846257,97408.76382854278,87338.485828877,59366620,690412123,60754395159885.305,60754.3951598853,,,,,,,,,7.4762254,3.5365076,,,,,27.87120802053269,Technology,Semiconductors,South Korea,33626,2020-Q1
000660 KS,SK HYNIX INC,2020-02-01 00:00:00+09:00,2020,1,2,82726.84375,86397.31804607509,99761.60907281001,82538.61429891923,70992138,690412123,57115615822526.78,57115.61582252678,,,,,,,,,7.4762254,3.5365076,,,,,26.910091355419485,Technology,Semiconductors,South Korea,33626,2020-Q1
000660 KS,SK HYNIX INC,2020-03-01 00:00:00+09:00,2020,1,3,78397.578125,84703.26568127252,90256.03532037816,61927.498686974795,143264787,690412123,54126638351339.61,54126.63835133961,,,,,,,,,7.4762254,3.5365076,,,,,13.461010310422994,Technology,Semiconductors,South Korea,33626,2020-Q1
000660 KS,SK HYNIX INC,2020-04-01 00:00:00+09:00,2020,2,4,78774.046875,77268.21085349463,81597.48941532258,71997.7847782258,91942271,690412123,54386556940270.266,54386.55694027027,,,,,,,,,7.4762254,3.5365076,,,,,7.078909313690351,Technology,Semiconductors,South Korea,33626,2020-Q2
000660 KS,SK HYNIX INC,2020-05-01 00:00:00+09:00,2020,2,5,76703.5,78774.02392638037,81409.23619631902,74538.86134969325,83525536,690412123,52957026276530.5,52957.0262765305,,,,,,,,,7.4762254,3.5365076,,,,,26.139137932241717,Technology,Semiconductors,South Korea,33626,2020-Q2
000660 KS,SK HYNIX INC,2020-06-01 00:00:00+09:00,2020,2,6,80091.6171875,77268.17592354583,87526.67918257932,77174.06121474736,91590220,690412123,55296223456925.164,55296.22345692517,,,,,,,,,7.4762254,3.5365076,,,,,23.75140177665005,Technology,Semiconductors,South Korea,33626,2020-Q2
000660 KS,SK HYNIX INC,2020-07-01 00:00:00+09:00,2020,3,7,77926.9921875,81691.58118206522,82162.15480638588,77174.07438858696,73492751,690412123,53801740115176.29,53801.74011517629,,,,,,,,,7.4762254,3.5365076,,,,,8.820171801083587,Technology,Semiconductors,South Korea,33626,2020-Q3
000660 KS,SK HYNIX INC,2020-08-01 00:00:00+09:00,2020,3,8,70680.1640625,77550.53953062583,77738.76899550599,67103.80422977697,88408078,690412123,48798442124378.93,48798.44212437893,,,,,,,,,7.4762254,3.5365076,,,,,-1.937190798568622,Technology,Semiconductors,South Korea,33626,2020-Q3
000660 KS,SK HYNIX INC,2020-09-01 00:00:00+09:00,2020,3,9,79056.3828125,70774.28556547618,80844.56289992559,70491.94134114584,85475318,690412123,54581485094278.836,54581.48509427883,,,,,,,,,7.4762254,3.5365076,,,,,3.27922627667645,Technology,Semiconductors,South Korea,33626,2020-Q3
000660 KS,SK HYNIX INC,2020-10-01 00:00:00+09:00,2020,4,10,75197.6796875,79056.38415206509,85550.301421699,75197.6796875,61986245,690412123,51917389677720.85,51917.38967772085,,,,,,,,,7.4762254,3.5365076,,,,,-1.5221686826618286,Technology,Semiconductors,South Korea,33626,2020-Q4
000660 KS,SK HYNIX INC,2020-11-01 00:00:00+09:00,2020,4,11,91761.8671875,75480.01793269231,95997.03028846154,74538.87057692307,74701046,690412123,63353505535365.914,63353.50553536591,,,,,,,,,7.4762254,3.5365076,,,,,21.804019821704212,Technology,Semiconductors,South Korea,33626,2020-Q4
000660 KS,SK HYNIX INC,2020-12-01 00:00:00+09:00,2020,4,12,111525.96875,92797.13517932489,113878.83728902954,92044.21724683544,96632113,690412123,76998880854319.16,76998.88085431916,,,,,,,,,7.4762254,3.5365076,,,,,27.27242090187425,Technology,Semiconductors,South Korea,33626,2020-Q4
000660 KS,SK HYNIX INC,2021-01-01 00:00:00+09:00,2021,1,1,116470.3671875,112667.25315688776,133108.99107142858,112667.25315688776,127672304,690412123,80412553476511.4,80412.55347651141,,,,,,,,,7.4762254,3.5365076,,,,,32.35676738265995,Technology,Semiconductors,South Korea,33626,2021-Q1
000660 KS,SK HYNIX INC,2021-02-01 00:00:00+09:00,2021,1,2,134535.171875,115044.21057862192,142141.40067358658,112191.87477915194,101827542,690412123,92884713632388.64,92884.71363238864,,,,,,,,,7.4762254,3.5365076,,,,,62.62577632184838,Technology,Semiconductors,South Korea,33626,2021-Q1
000660 KS,SK HYNIX INC,2021-03-01 00:00:00+09:00,2021,1,3,125978.1640625,134535.171432783,143092.17880306602,124076.60686910377,105431089,690412123,86976851702032.94,86976.85170203293,,,,,,,,,7.4762254,3.5365076,,,,,60.69139771337804,Technology,Semiconductors,South Korea,33626,2021-Q1
000660 KS,SK HYNIX INC,2021-04-01 00:00:00+09:00,2021,2,4,121699.65625,131207.44189453125,139764.44897460938,120273.48840332031,75564371,690412123,84022918039932.72,84022.91803993272,,,,,,,,,7.4762254,3.5365076,,,,,54.49207077442026,Technology,Semiconductors,South Korea,33626,2021-Q2
000660 KS,SK HYNIX INC,2021-05-01 00:00:00+09:00,2021,2,5,120748.890625,121224.27995816928,125978.1732898622,109814.93596210629,78811603,690412123,83366497926301.05,83366.49792630105,,,,,,,,,7.4762254,3.5365076,,,,,57.42292154204176,Technology,Semiconductors,South Korea,33626,2021-Q2
000660 KS,SK HYNIX INC,2021-06-01 00:00:00+09:00,2021,2,6,121224.28125,120748.8919117647,123601.22794117648,114568.83051470589,66679747,690412123,83694713376961.6,83694.71337696159,,,,,,,,,7.4762254,3.5365076,,,,,51.35701526191636,Technology,Semiconductors,South Korea,33626,2021-Q2
000660 KS,SK HYNIX INC,2021-07-01 00:00:00+09:00,2021,3,7,106962.5859375,121224.26406249999,121699.65333333334,106962.5859375,60841470,690412123,73848266038679.31,73848.26603867931,,,,,,,,,7.4762254,3.5365076,,,,,37.25999545848953,Technology,Semiconductors,South Korea,33626,2021-Q3
000660 KS,SK HYNIX INC,2021-08-01 00:00:00+09:00,2021,3,8,101257.921875,107913.37213908452,116945.76892605635,94032.00444542254,124144112,690412123,69909696812286.89,69909.69681228689,,,,,,,,,7.4762254,3.5365076,,,,,43.26214889012023,Technology,Semiconductors,South Korea,33626,2021-Q3
000660 KS,SK HYNIX INC,2021-09-01 00:00:00+09:00,2021,3,9,97930.1953125,100782.53109830097,103159.47758646845,94697.54808859223,56629974,690412123,67612194051507.77,67612.19405150777,,,,,,,,,7.4762254,3.5365076,,,,,23.87386296785612,Technology,Semiconductors,South Korea,33626,2021-Q3
000660 KS,SK HYNIX INC,2021-10-01 00:00:00+09:00,2021,4,10,97930.1953125,96979.416717233,103159.47758646845,86045.46287166262,60336491,690412123,67612194051507.77,67612.19405150777,,,,,,,,,7.4762254,3.5365076,,,,,30.230341839628316,Technology,Semiconductors,South Korea,33626,2021-Q4
000660 KS,SK HYNIX INC,2021-11-01 00:00:00+09:00,2021,4,11,108388.7578125,98405.58275082237,116470.37571957237,97454.80417351973,80202082,690412123,74832912390660.97,74832.91239066097,,,,,,,,,7.4762254,3.5365076,,,,,18.11960799688801,Technology,Semiconductors,South Korea,33626,2021-Q4
000660 KS,SK HYNIX INC,2021-12-01 00:00:00+09:00,2021,4,12,124551.9921875,108864.1458432729,126928.93860329199,106487.19942748093,86416541,690412123,85992205350051.28,85992.20535005128,,,,,,,,,7.4762254,3.5365076,,,,,11.679811960835341,Technology,Semiconductors,South Korea,33626,2021-Q4
000660 KS,SK HYNIX INC,2022-01-01 00:00:00+09:00,2022,1,1,115969.5546875,127037.18853734441,127518.39000907677,106826.72672458507,86083223,690412123,80066786455161.47,80066.78645516146,,,,,,,,,7.4762254,3.5365076,,,,,-0.42999134637720093,Technology,Semiconductors,South Korea,33626,2022-Q1
000660 KS,SK HYNIX INC,2022-02-01 00:00:00+09:00,2022,1,2,118375.5625,115969.55513211382,128961.99491869919,115007.15218495934,57498589,690412123,81727923416944.19,81727.92341694419,,,,,,,,,7.4762254,3.5365076,,,,,-12.011438458646563,Technology,Semiconductors,South Korea,33626,2022-Q1
000660 KS,SK HYNIX INC,2022-03-01 00:00:00+09:00,2022,1,3,113563.5546875,118375.56971663135,124631.18925450211,110195.14416710804,53145948,690412123,78405654887223.47,78405.65488722347,,,,,,,,,7.4762254,3.5365076,,,,,-9.854572391482797,Technology,Semiconductors,South Korea,33626,2022-Q1
000660 KS,SK HYNIX INC,2022-04-01 00:00:00+09:00,2022,2,4,108541.671875,112883.33875000001,113848.15361111112,102752.78270833334,67512954,690412123,74938486113188.14,74938.48611318813,,,,,,,,,7.4762254,3.5365076,,,,,-10.811850074555984,Technology,Semiconductors,South Korea,33626,2022-Q2
000660 KS,SK HYNIX INC,2022-05-01 00:00:00+09:00,2022,2,5,104200.015625,106129.64554398147,110953.72034143518,97928.71838831018,73777335,690412123,71940954004289.42,71940.95400428942,,,,,,,,,7.4762254,3.5365076,,,,,-13.705198378504768,Technology,Semiconductors,South Korea,33626,2022-Q2
000660 KS,SK HYNIX INC,2022-06-01 00:00:00+09:00,2022,2,6,87798.15625,104200.00961538462,104682.41706730769,86543.896875,63530319,690412123,60616911452048.22,60616.91145204822,,,,,,,,,7.4762254,3.5365076,,,,,-27.573786914079967,Technology,Semiconductors,South Korea,33626,2022-Q2
000660 KS,SK HYNIX INC,2022-07-01 00:00:00+09:00,2022,3,7,94753.671875,88075.42533835546,101141.55986657302,83526.47479890194,67743861,690412123,65419083761264.14,65419.08376126414,,,,,,,,,7.4762254,3.5365076,,,,,-11.414191191706847,Technology,Semiconductors,South Korea,33626,2022-Q3
000660 KS,SK HYNIX INC,2022-08-01 00:00:00+09:00,2022,3,8,92140.453125,94076.17693014706,95527.96978400735,88849.72265625,54087782,690412123,63614885856213.234,63614.88585621324,,,,,,,,,7.4762254,3.5365076,,,,,-9.004202911901803,Technology,Semiconductors,South Korea,33626,2022-Q3
000660 KS,SK HYNIX INC,2022-09-01 00:00:00+09:00,2022,3,9,80429.2890625,90882.19305618231,92140.41298134778,77816.06306407943,52429300,690412123,55529356213021.305,55529.3562130213,,,,,,,,,7.4762254,3.5365076,,,,,-17.870796840702464,Technology,Semiconductors,South Korea,33626,2022-Q3
000660 KS,SK HYNIX INC,2022-10-01 00:00:00+09:00,2022,4,10,80338.9765625,80727.55686026301,93842.1419097642,80047.54133917775,74636493,690412123,55467003368162.87,55467.00336816287,,,,,,,,,7.4762254,3.5365076,,,,,-17.963018141509433,Technology,Semiconductors,South Korea,33626,2022-Q4
000660 KS,SK HYNIX INC,2022-11-01 00:00:00+09:00,2022,4,11,82573.328125,80338.99101102941,92579.27259191177,79076.10481617646,59674968,690412123,57009626773956.86,57009.62677395686,,,,,,,,,7.4762254,3.5365076,,,,,-23.817442148527725,Technology,Semiconductors,South Korea,33626,2022-Q4
000660 KS,SK HYNIX INC,2022-12-01 00:00:00+09:00,2022,4,12,72858.8125,84807.65775,84807.65775,72567.37725,51099671,690412123,50302607417383.94,50302.60741738394,,,,,,,,,7.4762254,3.5365076,,,,,-41.503294150190165,Technology,Semiconductors,South Korea,33626,2022-Q4
000660 KS,SK HYNIX INC,2023-01-01 00:00:00+09:00,2023,1,1,86309.671875,73241.31477754237,90503.24915254238,71290.81371822034,40416925,690412123,59589243794652.14,59589.24379465214,,,,,,,,,7.4762254,3.5365076,,,,,-25.575577049013997,Technology,Semiconductors,South Korea,33626,2023-Q1
000660 KS,SK HYNIX INC,2023-02-01 00:00:00+09:00,2023,1,2,87187.4140625,88942.86535234899,92648.81807536354,86309.68841757551,4149947,690412123,60195247641770.68,60195.24764177068,,,,,,,,,7.4762254,3.5365076,,,,,-26.346779503159702,Technology,Semiconductors,South Korea,33626,2023-Q1
000660 KS,SK HYNIX INC,2023-03-01 00:00:00+09:00,2023,1,3,86407.203125,87187.40360468398,88455.22938417044,74801.7209897009,72192190,690412123,59656580552023.484,59656.580552023486,,,,,,,,,7.4762254,3.5365076,,,,,-23.912910825332855,Technology,Semiconductors,South Korea,33626,2023-Q1
000660 KS,SK HYNIX INC,2023-04-01 00:00:00+09:00,2023,2,4,87587.3046875,87783.03050803072,90523.19199546089,80932.6267894553,88455745,690412123,60471336977144.73,60471.336977144725,,,,,,,,,7.4762254,3.5365076,,,,,-19.305366156172454,Technology,Semiconductors,South Korea,33626,2023-Q2
000660 KS,SK HYNIX INC,2023-05-01 00:00:00+09:00,2023,2,5,106279.1015625,87587.2890409185,110976.52041609115,83183.45886567679,81538499,690412123,73376380140298.25,73376.38014029825,,,,,,,,,7.4762254,3.5365076,,,,,1.9952837099202814,Technology,Semiconductors,South Korea,33626,2023-Q2
000660 KS,SK HYNIX INC,2023-06-01 00:00:00+09:00,2023,2,6,112738.0546875,103734.66837565105,118511.96547444661,103734.66837565105,81733821,690412123,77835719679686.97,77835.71967968697,,,,,,,,,7.4762254,3.5365076,,,,,28.405947804285447,Technology,Semiconductors,South Korea,33626,2023-Q2
000660 KS,SK HYNIX INC,2023-07-01 00:00:00+09:00,2023,3,7,121080.6171875,113132.86192640802,126575.3615655389,107638.11754836913,76000908,690412123,83595525966572.16,83595.52596657215,,,,,,,,,7.4762254,3.5365076,,,,,27.78461751564705,Technology,Semiconductors,South Korea,33626,2023-Q3
000660 KS,SK HYNIX INC,2023-08-01 00:00:00+09:00,2023,3,8,119510.6953125,121669.34498152709,124024.23552955665,109698.65136237684,70548383,690412123,82511632871909.28,82511.63287190929,,,,,,,,,7.4762254,3.5365076,,,,,29.704913812794985,Technology,Semiconductors,South Korea,33626,2023-Q3
000660 KS,SK HYNIX INC,2023-09-01 00:00:00+09:00,2023,3,9,112544.1484375,119118.2181369878,122061.8314352659,110189.25779887752,55439849,690412123,77701844453961.5,77701.8444539615,,,,,,,,,7.4762254,3.5365076,,,,,39.92930902328897,Technology,Semiconductors,South Korea,33626,2023-Q3
000660 KS,SK HYNIX INC,2023-10-01 00:00:00+09:00,2023,4,10,114407.421875,112833.4590633061,128671.45985597592,111161.12357588134,80652964,690412123,78988271023675.39,78988.27102367539,,,,,,,,,7.4762254,3.5365076,,,,,42.405874172415345,Technology,Semiconductors,South Korea,33626,2023-Q4
000660 KS,SK HYNIX INC,2023-11-01 00:00:00+09:00,2023,4,11,131721.0,115981.37341299477,132212.86333084392,115096.01941747573,64079434,690412123,90941775253683.0,90941.775253683,,,,,,,,,7.4762254,3.5365076,,,,,59.5200326679336,Technology,Semiconductors,South Korea,33626,2023-Q4
000660 KS,SK HYNIX INC,2023-12-01 00:00:00+09:00,2023,4,12,139197.34375,130048.6844081272,141361.54273409894,122473.9879637809,62426762,690412123,96103533614398.28,96103.53361439829,,,,,,,,,7.4762254,3.5365076,,,,,91.05079944859106,Technology,Semiconductors,South Korea,33626,2023-Q4
000660 KS,SK HYNIX INC,2024-01-01 00:00:00+09:00,2024,1,1,132790.75,139494.36618411285,143339.08723088345,127171.54231625836,65631051,690412123,91680343622262.25,91680.34362226225,,,,,,,,,7.4762254,3.5365076,,,,,53.85384640590143,Technology,Semiconductors,South Korea,33626,2024-Q1
000660 KS,SK HYNIX INC,2024-02-01 00:00:00+09:00,2024,1,2,153986.0,131213.42253521126,164534.33674775928,129833.26632522407,84966626,690412123,106313801172278.0,106313.801172278,,,,,,,,,7.4762254,3.5365076,,,,,76.61494110791686,Technology,Semiconductors,South Korea,33626,2024-Q1
000660 KS,SK HYNIX INC,2024-03-01 00:00:00+09:00,2024,1,3,180406.125,158717.9569672131,181293.3682377049,151915.75881147542,88413068,690412123,124554575763453.38,124554.57576345338,,,,,,,,,7.4762254,3.5365076,,,,,108.78597903350436,Technology,Semiconductors,South Korea,33626,2024-Q1
000660 KS,SK HYNIX INC,2024-04-01 00:00:00+09:00,2024,2,4,172015.65625,184062.67695177958,188999.98051808268,164905.93911452356,89661708,690412123,118761694420800.72,118761.69442080072,16423258000000.0,16423258.0,7496464000000.0,4120279000000.0,5468536000000.0,8543296000000.0,1.8078278746641,,7.4762254,3.5365076,,,,,96.39336644018132,Technology,Semiconductors,South Korea,33626,2024-Q2
000660 KS,SK HYNIX INC,2024-05-01 00:00:00+09:00,2024,2,5,186827.5625,166880.85656712472,207366.74484672304,166880.85656712472,68531199,690412123,128988014060540.19,128988.01406054018,16423258000000.0,16423258.0,7496464000000.0,4120279000000.0,5468536000000.0,8543296000000.0,1.9634961293998454,,7.4762254,3.5365076,,,0.0,,75.78955763954356,Technology,Semiconductors,South Korea,33626,2024-Q2
000660 KS,SK HYNIX INC,2024-06-01 00:00:00+09:00,2024,2,6,233534.4375,187123.7881871036,239952.9315539112,185840.08937632135,67231991,690412123,161235006787985.8,161235.00678798583,16423258000000.0,16423258.0,7496464000000.0,4120279000000.0,5468536000000.0,8543296000000.0,2.4543699975362046,,7.4762254,3.5365076,,,0.0,,107.1478332204126,Technology,Semiconductors,South Korea,33626,2024-Q2
000660 KS,SK HYNIX INC,2024-07-01 00:00:00+09:00,2024,3,7,192403.390625,230864.2945063592,245694.97723696043,183109.49611382323,120093907,690412123,132837633393804.55,132837.63339380454,17573069000000.0,17573069.0,9171384000000.0,5748676000000.0,7029958000000.0,10276413000000.0,1.8897899022903248,,7.4762254,3.5365076,,,7.001113908093015,,58.905194814998985,Technology,Semiconductors,South Korea,33626,2024-Q3
000660 KS,SK HYNIX INC,2024-08-01 00:00:00+09:00,2024,3,8,171739.328125,199225.53032347438,200214.24263277202,149888.78608952218,132219760,690412123,118570914133374.86,118570.91413337486,17573069000000.0,17573069.0,9171384000000.0,5748676000000.0,7029958000000.0,10276413000000.0,1.6868270723425551,,7.4762254,3.5365076,,,0.0,7.001113908093015,43.702057523748024,Technology,Semiconductors,South Korea,33626,2024-Q3
000660 KS,SK HYNIX INC,2024-09-01 00:00:00+09:00,2024,3,9,172629.15625,171640.44401489117,187163.22610609964,143066.66042024628,107933702,690412123,119185262258261.22,119185.26225826122,17573069000000.0,17573069.0,9171384000000.0,5748676000000.0,7029958000000.0,10276413000000.0,1.6955669817585821,,7.4762254,3.5365076,,,0.0,7.001113908093015,53.3879447725063,Technology,Semiconductors,South Korea,33626,2024-Q3
000660 KS,SK HYNIX INC,2024-10-01 00:00:00+09:00,2024,4,10,184503.0625,171034.23990203973,204013.0481749866,167468.96333199143,86183779,690412123,127383151080626.69,127383.15108062669,19767035000000.0,19767035.0,10365653000000.0,8000475000000.0,8082796000000.0,13023365000000.0,1.6110553641533327,,7.4762254,3.5365076,,,12.484819811496784,20.36001017581286,61.26843825008621,Technology,Semiconductors,South Korea,33626,2024-Q4
000660 KS,SK HYNIX INC,2024-11-01 00:00:00+09:00,2024,4,11,158357.703125,180739.7174503596,201041.98708176985,156079.8875078174,81358618,690412123,109332078007934.98,109332.07800793498,19767035000000.0,19767035.0,10365653000000.0,8000475000000.0,8082796000000.0,13023365000000.0,1.3827576822717087,,7.4762254,3.5365076,,,0.0,12.484819811496784,20.222062636177984,Technology,Semiconductors,South Korea,33626,2024-Q4
000660 KS,SK HYNIX INC,2024-12-01 00:00:00+09:00,2024,4,12,172222.671875,160635.5225884129,182720.43105771995,157070.24588484762,70906903,690412123,118904620517951.14,118904.62051795115,19767035000000.0,19767035.0,10365653000000.0,8000475000000.0,8082796000000.0,13023365000000.0,1.5038246823303436,,7.4762254,3.5365076,,,0.0,12.484819811496784,23.725544780735074,Technology,Semiconductors,South Korea,33626,2024-Q4
000660 KS,SK HYNIX INC,2025-01-01 00:00:00+09:00,2025,1,1,197278.625,168855.4496109438,224810.4813002008,168360.27233935744,93226380,690412123,136203554308770.88,136203.55430877086,17639141000000.0,17639141.0,10101991000000.0,8107081000000.0,7440504000000.0,12902242000000.0,1.9304164855415986,,7.4762254,3.5365076,,,-10.764861801479075,0.3759844111463906,48.5635294627073,Technology,Semiconductors,South Korea,33626,2025-Q1
000660 KS,SK HYNIX INC,2025-02-01 00:00:00+09:00,2025,1,2,188365.4375,189652.89842928495,217382.82613696108,185097.26744873816,72357075,690412123,130049781604198.81,130049.78160419881,17639141000000.0,17639141.0,10101991000000.0,8107081000000.0,7440504000000.0,12902242000000.0,1.8431989064008107,,7.4762254,3.5365076,,,0.0,-10.764861801479075,22.326339732183452,Technology,Semiconductors,South Korea,33626,2025-Q1
000660 KS,SK HYNIX INC,2025-03-01 00:00:00+09:00,2025,1,3,190081.640625,184200.7718274777,218788.25441629524,180712.1208458967,64484725,690412123,131234669047229.3,131234.66904722928,17639141000000.0,17639141.0,10101991000000.0,8107081000000.0,7440504000000.0,12902242000000.0,1.8599923466685437,,7.4762254,3.5365076,,,0.0,-10.764861801479075,5.363185770438772,Technology,Semiconductors,South Korea,33626,2025-Q1
000660 KS,SK HYNIX INC,2025-04-01 00:00:00+09:00,2025,2,4,176924.4375,192972.23154929577,200846.61496478872,162172.42806338027,84081350,690412123,122150776504955.81,122150.77650495581,22231952000000.0,22231952.0,11983324000000.0,6997228000000.0,9212851000000.0,12397456000000.0,1.3735948209243594,,7.4762254,3.5365076,,,26.037611468721742,12.469836776228703,2.8536828315591123,Technology,Semiconductors,South Korea,33626,2025-Q2
000660 KS,SK HYNIX INC,2025-05-01 00:00:00+09:00,2025,2,5,203836.890625,176924.4405180318,213804.46473869192,176924.4405180318,54576676,690412123,140731460402125.05,140731.46040212506,22231952000000.0,22231952.0,11983324000000.0,6997228000000.0,9212851000000.0,12397456000000.0,1.582536031947679,,7.4762254,3.5365076,,,0.0,26.037611468721742,9.104292695035298,Technology,Semiconductors,South Korea,33626,2025-Q2
000660 KS,SK HYNIX INC,2025-06-01 00:00:00+09:00,2025,2,6,291578.84375,204704.32523544523,298069.46869648976,202707.20986729453,81870850,690412123,201309568535322.78,201309.5685353228,22231952000000.0,22231952.0,11983324000000.0,6997228000000.0,9212851000000.0,12397456000000.0,2.263741489448641,,7.4762254,3.5365076,,,0.0,26.037611468721742,24.854752417403112,Technology,Semiconductors,South Korea,33626,2025-Q2
000660 KS,SK HYNIX INC,2025-07-01 00:00:00+09:00,2025,3,7,273105.53125,290580.29101919563,306057.9353861974,254132.93492915903,83485666,690412123,188555369633355.34,188555.36963335535,,,,,,,,,7.4762254,3.5365076,,,0.0,26.037611468721742,41.94424036023923,Technology,Semiconductors,South Korea,33626,2025-Q3
000660 KS,SK HYNIX INC,2025-08-01 00:00:00+09:00,2025,3,8,268612.03125,265616.3580390334,278597.6086198885,244646.64556226766,55803841,690412123,185453002758654.84,185453.00275865485,,,,,,,,,7.4762254,3.5365076,,,0.0,0.0,56.40682549688996,Technology,Semiconductors,South Korea,33626,2025-Q3
000660 KS,SK HYNIX INC,2025-09-01 00:00:00+09:00,2025,3,9,347500.0,259500.0,364000.0,255000.0,73279624,690412123,239918212742500.0,239918.2127425,,,,,,,,,7.4762254,3.5365076,,,0.0,0.0,101.2985567146917,Technology,Semiconductors,South Korea,33626,2025-Q3
000660 KS,SK HYNIX INC,2025-10-01 00:00:00+09:00,2025,4,10,395500.0,351000.0,404500.0,351000.0,17663963,690412123,273057994646500.0,273057.9946465,,,,,,,,,7.4762254,3.5365076,,,0.0,0.0,114.35958549468523,Technology,Semiconductors,South Korea,33626,2025-Q4
