ticker,company_name,date,year,quarter,month,close_price,open_price,high_price,low_price,volume,shares_outstanding,market_cap,market_cap_billions,revenue,revenue_millions,gross_profit,net_income,operating_income,ebitda,ps_ratio,current_pe,forward_pe,current_ps,current_pb,peg_ratio,revenue_qoq_pct,revenue_yoy_pct,market_cap_yoy_pct,sector,industry,country,employees,year_quarter
2337 TT,MACRONIX INTERNATIONAL,2015-01-01 00:00:00+08:00,2015,1,1,10.4365234375,10.481899050467337,10.769282275381098,10.058388262853681,123365796,1853869000,19347947268.554688,19.347947268554687,,,,,,,,,74.324326,1.9162946,1.2005588,,,,,Technology,Semiconductors,Taiwan,,2015-Q1
2337 TT,MACRONIX INTERNATIONAL,2015-02-01 00:00:00+08:00,2015,1,2,10.330645561218262,10.406272306639876,10.466773847736741,10.209642479024529,29993692,1853869000,19151663555.930138,19.15166355593014,,,,,,,,,74.324326,1.9162946,1.2005588,,,,,Technology,Semiconductors,Taiwan,,2015-Q1
2337 TT,MACRONIX INTERNATIONAL,2015-03-01 00:00:00+08:00,2015,1,3,11.525550842285156,10.360895740469614,11.91881118513402,10.2096415397438,237886779,1853869000,21366861414.43634,21.36686141443634,,,,,,,,,74.324326,1.9162946,1.2005588,,,,,Technology,Semiconductors,Taiwan,,2015-Q1
2337 TT,MACRONIX INTERNATIONAL,2015-04-01 00:00:00+08:00,2015,2,4,11.253293991088867,11.404546740143724,11.646553599544,10.799531401137523,164033286,1853869000,20862132877.965927,20.862132877965927,,,,,,,,,74.324326,1.9162946,1.2005588,,,,,Technology,Semiconductors,Taiwan,,2015-Q2
2337 TT,MACRONIX INTERNATIONAL,2015-05-01 00:00:00+08:00,2015,2,5,10.557526588439941,11.25329540117668,11.344047351500336,10.255018157233398,78622870,1853869000,19572271258.984566,19.572271258984564,,,,,,,,,74.324326,1.9162946,1.2005588,,,,,Technology,Semiconductors,Taiwan,,2015-Q2
2337 TT,MACRONIX INTERNATIONAL,2015-06-01 00:00:00+08:00,2015,2,6,9.029861450195312,10.587777056864399,10.66340380319268,8.848356824728704,90687087,1853869000,16740180216.812134,16.740180216812135,,,,,,,,,74.324326,1.9162946,1.2005588,,,,,Technology,Semiconductors,Taiwan,,2015-Q2
2337 TT,MACRONIX INTERNATIONAL,2015-07-01 00:00:00+08:00,2015,3,7,7.0333075523376465,9.029859434352014,9.120611364926736,6.715674709629524,81896962,1853869000,13038830838.74464,13.03883083874464,,,,,,,,,74.324326,1.9162946,1.2005588,,,,,Technology,Semiconductors,Taiwan,,2015-Q3
2337 TT,MACRONIX INTERNATIONAL,2015-08-01 00:00:00+08:00,2015,3,8,6.882054805755615,7.033309020006618,7.381193061365833,5.793026706921822,73213218,1853869000,12758428060.691357,12.758428060691356,,,,,,,,,74.324326,1.9162946,1.2005588,,,,,Technology,Semiconductors,Taiwan,,2015-Q3
2337 TT,MACRONIX INTERNATIONAL,2015-09-01 00:00:00+08:00,2015,3,9,6.352665901184082,6.83667821039528,7.532446990583154,6.292164362532683,59341604,1853869000,11777010381.562233,11.777010381562233,,,,,,,,,74.324326,1.9162946,1.2005588,,,,,Technology,Semiconductors,Taiwan,,2015-Q3
2337 TT,MACRONIX INTERNATIONAL,2015-10-01 00:00:00+08:00,2015,4,10,7.214813232421875,6.413167317708333,8.107211815283222,6.277039039284463,115752837,1853869000,13375318592.376709,13.37531859237671,,,,,,,,,74.324326,1.9162946,1.2005588,,,,,Technology,Semiconductors,Taiwan,,2015-Q4
2337 TT,MACRONIX INTERNATIONAL,2015-11-01 00:00:00+08:00,2015,4,11,6.957682132720947,7.169437159791368,7.502196713868577,6.609798098464686,56870856,1853869000,12898631217.70525,12.89863121770525,,,,,,,,,74.324326,1.9162946,1.2005588,,,,,Technology,Semiconductors,Taiwan,,2015-Q4
2337 TT,MACRONIX INTERNATIONAL,2015-12-01 00:00:00+08:00,2015,4,12,7.2299394607543945,6.972808070881385,7.456820439488433,6.640049205565069,41756337,1853869000,13403360638.169289,13.40336063816929,,,,,,,,,74.324326,1.9162946,1.2005588,,,,,Technology,Semiconductors,Taiwan,,2015-Q4
2337 TT,MACRONIX INTERNATIONAL,2016-01-01 00:00:00+08:00,2016,1,1,5.914029598236084,7.229938614144992,7.320691284530852,5.914029598236084,43276219,1853869000,10963836137.25233,10.963836137252331,,,,,,,,,74.324326,1.9162946,1.2005588,,,,-43.33333668387995,Technology,Semiconductors,Taiwan,,2016-Q1
2337 TT,MACRONIX INTERNATIONAL,2016-02-01 00:00:00+08:00,2016,1,2,5.717400074005127,5.672023374559741,5.838402796364758,5.445142410625436,51024657,1853869000,10599310757.79581,10.599310757795811,,,,,,,,,74.324326,1.9162946,1.2005588,,,,-44.65592648470565,Technology,Semiconductors,Taiwan,,2016-Q1
2337 TT,MACRONIX INTERNATIONAL,2016-03-01 00:00:00+08:00,2016,1,3,6.352665901184082,5.641772641080673,6.912305676557918,5.641772641080673,100080344,1853869000,11777010381.562233,11.777010381562233,,,,,,,,,74.324326,1.9162946,1.2005588,,,,-44.8818890470961,Technology,Semiconductors,Taiwan,,2016-Q1
2337 TT,MACRONIX INTERNATIONAL,2016-04-01 00:00:00+08:00,2016,2,4,5.445141792297363,6.367791471642996,6.4434182097672705,5.445141792297363,53343865,1853869000,10094579569.34452,10.094579569344521,,,,,,,,,74.324326,1.9162946,1.2005588,,,,-51.6129073264308,Technology,Semiconductors,Taiwan,,2016-Q2
2337 TT,MACRONIX INTERNATIONAL,2016-05-01 00:00:00+08:00,2016,2,5,4.356112957000732,5.4451411962509155,5.4451411962509155,3.9628526589662587,92110127,1853869000,8075662771.481991,8.07566277148199,,,,,,,,,74.324326,1.9162946,1.2005588,,,,-58.73926605337184,Technology,Semiconductors,Taiwan,,2016-Q2
2337 TT,MACRONIX INTERNATIONAL,2016-06-01 00:00:00+08:00,2016,2,6,4.280486583709717,3.9326029166105636,4.340988484399707,3.1914585235716415,118600923,1853869000,7935461382.455349,7.935461382455349,,,,,,,,,74.324326,1.9162946,1.2005588,,,,-52.59632047159337,Technology,Semiconductors,Taiwan,,2016-Q2
2337 TT,MACRONIX INTERNATIONAL,2016-07-01 00:00:00+08:00,2016,3,7,6.17116117477417,4.295611700656031,6.640048271879515,4.189734190860613,116166301,1853869000,11440524395.917416,11.440524395917416,,,,,,,,,74.324326,1.9162946,1.2005588,,,,-12.258050300628852,Technology,Semiconductors,Taiwan,,2016-Q3
2337 TT,MACRONIX INTERNATIONAL,2016-08-01 00:00:00+08:00,2016,3,8,6.322414875030518,6.201412519514654,6.866929455740156,5.838402557775607,95078134,1853869000,11720928941.95795,11.72092894195795,,,,,,,,,74.324326,1.9162946,1.2005588,,,,-8.13187262410433,Technology,Semiconductors,Taiwan,,2016-Q3
2337 TT,MACRONIX INTERNATIONAL,2016-09-01 00:00:00+08:00,2016,3,9,6.322414875030518,6.277039263136268,6.458543882106859,5.5358944975923565,39671456,1853869000,11720928941.95795,11.72092894195795,,,,,,,,,74.324326,1.9162946,1.2005588,,,,-0.4761941934948277,Technology,Semiconductors,Taiwan,,2016-Q3
2337 TT,MACRONIX INTERNATIONAL,2016-10-01 00:00:00+08:00,2016,4,10,6.609797954559326,6.3224147424675,7.245063745737751,6.201412389488711,69570319,1853869000,12253699524.220943,12.253699524220943,,,,,,,,,74.324326,1.9162946,1.2005588,,,,-8.385737209990907,Technology,Semiconductors,Taiwan,,2016-Q4
2337 TT,MACRONIX INTERNATIONAL,2016-11-01 00:00:00+08:00,2016,4,11,6.110658645629883,6.503918984490821,6.609797575343244,5.868652505960939,36386826,1853869000,11328360632.715225,11.328360632715226,,,,,,,,,74.324326,1.9162946,1.2005588,,,,-12.173931934999427,Technology,Semiconductors,Taiwan,,2016-Q4
2337 TT,MACRONIX INTERNATIONAL,2016-12-01 00:00:00+08:00,2016,4,12,7.003057479858398,6.1106588981970775,7.139186481897051,5.989656185260197,66972115,1853869000,12982751167.12761,12.98275116712761,,,,,,,,,74.324326,1.9162946,1.2005588,,,,-3.138089635847696,Technology,Semiconductors,Taiwan,,2016-Q4
2337 TT,MACRONIX INTERNATIONAL,2017-01-01 00:00:00+08:00,2017,1,1,10.527275085449219,7.003057222386802,10.663402634887385,6.8971800786464925,192399725,1853869000,19516188935.386658,19.51618893538666,,,,,,,,,74.324326,1.9162946,1.2005588,,,,78.00511327486556,Technology,Semiconductors,Taiwan,,2017-Q1
2337 TT,MACRONIX INTERNATIONAL,2017-02-01 00:00:00+08:00,2017,1,2,13.567479133605957,10.527275580513942,14.444752520864196,10.497024449595658,282946326,1853869000,25152328973.938942,25.152328973938943,,,,,,,,,74.324326,1.9162946,1.2005588,,,,137.301552418768,Technology,Semiconductors,Taiwan,,2017-Q1
2337 TT,MACRONIX INTERNATIONAL,2017-03-01 00:00:00+08:00,2017,1,3,19.209251403808594,13.90023772768447,20.343656852051478,12.085190892370225,491850496,1853869000,35611435690.727234,35.611435690727234,,,,,,,,,74.324326,1.9162946,1.2005588,,,,202.38094844918817,Technology,Semiconductors,Taiwan,,2017-Q1
2337 TT,MACRONIX INTERNATIONAL,2017-04-01 00:00:00+08:00,2017,2,4,20.343656539916992,19.20925110907939,23.06622783681246,17.318576838612366,261309214,1853869000,37714474205.999374,37.71447420599937,,,,,,,,,74.324326,1.9162946,1.2005588,,,,273.6111439502806,Technology,Semiconductors,Taiwan,,2017-Q2
2337 TT,MACRONIX INTERNATIONAL,2017-05-01 00:00:00+08:00,2017,2,5,21.780569076538086,20.343656679059094,21.780569076538086,17.39420514438048,195653243,1853869000,40378321813.352585,40.378321813352585,,,,,,,,,74.324326,1.9162946,1.2005588,,,,400.0000985175193,Technology,Semiconductors,Taiwan,,2017-Q2
2337 TT,MACRONIX INTERNATIONAL,2017-06-01 00:00:00+08:00,2017,2,6,25.259410858154297,22.53684081548268,27.906357051442605,21.931825411288514,757521158,1853869000,46827638748.19565,46.827638748195646,,,,,,,,,74.324326,1.9162946,1.2005588,,,,490.1060630416235,Technology,Semiconductors,Taiwan,,2017-Q2
2337 TT,MACRONIX INTERNATIONAL,2017-07-01 00:00:00+08:00,2017,3,7,24.9569034576416,26.16693424555899,26.46944411393192,22.007450335952058,552581527,1853869000,46266829656.11458,46.26682965611458,,,,,,,,,74.324326,1.9162946,1.2005588,,,,304.4117914090112,Technology,Semiconductors,Taiwan,,2017-Q3
2337 TT,MACRONIX INTERNATIONAL,2017-08-01 00:00:00+08:00,2017,3,8,31.325393676757812,24.956902182552238,33.48320001580631,24.049378414183224,643735053,1853869000,58073176250.13733,58.07317625013733,,,,,,,,,74.324326,1.9162946,1.2005588,,,,395.46564557908124,Technology,Semiconductors,Taiwan,,2017-Q3
2337 TT,MACRONIX INTERNATIONAL,2017-09-01 00:00:00+08:00,2017,3,9,34.45049285888672,31.250987936813793,37.72440709406168,31.213784727858453,1104595375,1853869000,63866700745.81146,63.866700745811464,,,,,,,,,74.324326,1.9162946,1.2005588,,,,444.894530647523,Technology,Semiconductors,Taiwan,,2017-Q3
2337 TT,MACRONIX INTERNATIONAL,2017-10-01 00:00:00+08:00,2017,4,10,40.923912048339844,36.1990610794229,45.313934136395225,35.49219431833243,953057006,1853869000,75867571905.14374,75.86757190514373,,,,,,,,,74.324326,1.9162946,1.2005588,,,,519.1401360477475,Technology,Semiconductors,Taiwan,,2017-Q4
2337 TT,MACRONIX INTERNATIONAL,2017-11-01 00:00:00+08:00,2017,4,11,35.26897048950195,41.96561148200681,43.37934493685682,32.36709427018516,1278594706,1853869000,65384051052.4025,65.3840510524025,,,,,,,,,74.324326,1.9162946,1.2005588,,,,477.1713416642086,Technology,Semiconductors,Taiwan,,2017-Q4
2337 TT,MACRONIX INTERNATIONAL,2017-12-01 00:00:00+08:00,2017,4,12,32.887943267822266,35.603803550291424,35.603803550291424,26.86096847054255,1027649071,1853869000,60969938497.974396,60.9699384979744,,,,,,,,,74.324326,1.9162946,1.2005588,,,,369.6226378608456,Technology,Semiconductors,Taiwan,,2017-Q4
2337 TT,MACRONIX INTERNATIONAL,2018-01-01 00:00:00+08:00,2018,1,1,34.00405502319336,32.88794705669004,35.120162989696674,30.209292569388737,676702055,1853869000,63039063481.79245,63.03906348179245,,,,,,,,,74.324326,1.9162946,1.2005588,,,,223.0090858953017,Technology,Semiconductors,Taiwan,,2018-Q1
2337 TT,MACRONIX INTERNATIONAL,2018-02-01 00:00:00+08:00,2018,1,2,32.329891204833984,35.34337705901206,35.45498957633133,27.00978043662206,606282352,1853869000,59935383078.01437,59.935383078014375,,,,,,,,,74.324326,1.9162946,1.2005588,,,,138.28959592614729,Technology,Semiconductors,Taiwan,,2018-Q1
2337 TT,MACRONIX INTERNATIONAL,2018-03-01 00:00:00+08:00,2018,1,3,39.5845832824707,31.846243758721343,39.807805422199486,30.65572954042279,1139409870,1853869000,73384631825.29068,73.38463182529068,,,,,,,,,74.324326,1.9162946,1.2005588,,,,106.07041081581303,Technology,Semiconductors,Taiwan,,2018-Q1
2337 TT,MACRONIX INTERNATIONAL,2018-04-01 00:00:00+08:00,2018,2,4,35.38058090209961,40.10543464680815,41.295948884996406,31.660225355356964,672002319,1853869000,65590962136.3945,65.5909621363945,,,,,,,,,74.324326,1.9162946,1.2005588,,,,73.91456070189815,Technology,Semiconductors,Taiwan,,2018-Q2
2337 TT,MACRONIX INTERNATIONAL,2018-05-01 00:00:00+08:00,2018,2,5,36.83152389526367,35.38058417149653,38.31966683051311,30.35810429832229,842468905,1853869000,68280820372.18857,68.28082037218857,,,,,,,,,74.324326,1.9162946,1.2005588,,,,69.10267020956029,Technology,Semiconductors,Taiwan,,2018-Q2
2337 TT,MACRONIX INTERNATIONAL,2018-06-01 00:00:00+08:00,2018,2,6,32.29269027709961,36.83152243006065,37.65000173568563,31.697433126679893,522971758,1853869000,59866417431.316376,59.86641743131638,,,,,,,,,74.324326,1.9162946,1.2005588,,,,27.84419422306048,Technology,Semiconductors,Taiwan,,2018-Q2
2337 TT,MACRONIX INTERNATIONAL,2018-07-01 00:00:00+08:00,2018,3,7,31.623023986816406,32.36709687656226,33.334389027559546,30.023271471890446,564472031,1853869000,58624943855.415344,58.624943855415346,,,,,,,,,74.324326,1.9162946,1.2005588,,,,26.710527371670743,Technology,Semiconductors,Taiwan,,2018-Q3
2337 TT,MACRONIX INTERNATIONAL,2018-08-01 00:00:00+08:00,2018,3,8,25.045583724975586,31.697433868512398,32.0694688724338,23.527669559825547,616926200,1853869000,46431231254.636765,46.431231254636764,,,,,,,,,74.324326,1.9162946,1.2005588,,,,-20.04702643670714,Technology,Semiconductors,Taiwan,,2018-Q3
2337 TT,MACRONIX INTERNATIONAL,2018-09-01 00:00:00+08:00,2018,3,9,19.926929473876953,25.838453945963206,26.112496959743062,19.887779405178104,592979101,1853869000,36941916816.80679,36.941916816806796,,,,,,,,,74.324326,1.9162946,1.2005588,,,,-42.15778115134664,Technology,Semiconductors,Taiwan,,2018-Q3
2337 TT,MACRONIX INTERNATIONAL,2018-10-01 00:00:00+08:00,2018,4,10,13.428167343139648,20.122677471706115,21.02310823938299,11.862200271206802,1232680622,1853869000,24894063164.258957,24.894063164258956,,,,,,,,,74.324326,1.9162946,1.2005588,,,,-67.18747873546857,Technology,Semiconductors,Taiwan,,2018-Q4
2337 TT,MACRONIX INTERNATIONAL,2018-11-01 00:00:00+08:00,2018,4,11,16.051162719726562,13.467317610993277,17.18648946068602,13.19327307075245,1219630265,1853869000,29756752980.056763,29.756752980056763,,,,,,,,,74.324326,1.9162946,1.2005588,,,,-54.48927911149462,Technology,Semiconductors,Taiwan,,2018-Q4
2337 TT,MACRONIX INTERNATIONAL,2018-12-01 00:00:00+08:00,2018,4,12,14.367746353149414,16.75584523622286,17.89117181609722,13.232419773275057,855397278,1853869000,26635919563.96675,26.635919563966752,,,,,,,,,74.324326,1.9162946,1.2005588,,,,-56.31302864959971,Technology,Semiconductors,Taiwan,,2018-Q4
2337 TT,MACRONIX INTERNATIONAL,2019-01-01 00:00:00+08:00,2019,1,1,15.189879417419434,14.367747349741567,16.051161555676835,13.193272113960335,555018770,1853869000,28160046565.691948,28.16004656569195,,,,,,,,,74.324326,1.9162946,1.2005588,,,,-55.32921174530867,Technology,Semiconductors,Taiwan,,2019-Q1
2337 TT,MACRONIX INTERNATIONAL,2019-02-01 00:00:00+08:00,2019,1,2,18.282665252685547,15.189879791577601,19.14394741215811,14.99413391412577,833306472,1853869000,33893666349.330902,33.8936663493309,,,,,,,,,74.324326,1.9162946,1.2005588,,,,-43.449654263136175,Technology,Semiconductors,Taiwan,,2019-Q1
2337 TT,MACRONIX INTERNATIONAL,2019-03-01 00:00:00+08:00,2019,1,3,16.364355087280273,18.28266528731023,18.51755974332827,16.168609209457728,573070853,1853869000,30337370601.301193,30.337370601301192,,,,,,,,,74.324326,1.9162946,1.2005588,,,,-58.65977678606276,Technology,Semiconductors,Taiwan,,2019-Q1
2337 TT,MACRONIX INTERNATIONAL,2019-04-01 00:00:00+08:00,2019,2,4,18.752456665039062,16.56010182370466,19.652887451023457,16.403506009381022,1229409632,1853869000,34764598085.1593,34.7645980851593,,,,,,,,,74.324326,1.9162946,1.2005588,,,,-46.99788362172927,Technology,Semiconductors,Taiwan,,2019-Q2
2337 TT,MACRONIX INTERNATIONAL,2019-05-01 00:00:00+08:00,2019,2,5,16.520950317382812,18.75245334371137,18.987347770304968,15.424773837575447,771728823,1853869000,30627677643.936157,30.627677643936156,,,,,,,,,74.324326,1.9162946,1.2005588,,,,-55.144537694495675,Technology,Semiconductors,Taiwan,,2019-Q2
2337 TT,MACRONIX INTERNATIONAL,2019-06-01 00:00:00+08:00,2019,2,6,18.126070022583008,16.207761100619113,18.400114580984336,16.12946244201549,607037294,1853869000,33603359306.69594,33.603359306695936,,,,,,,,,74.324326,1.9162946,1.2005588,,,,-43.86943340104084,Technology,Semiconductors,Taiwan,,2019-Q2
2337 TT,MACRONIX INTERNATIONAL,2019-07-01 00:00:00+08:00,2019,3,7,24.703128814697266,18.752455412550848,25.721006766795337,18.165217787858303,2168802407,1853869000,45796364712.574005,45.796364712574004,,,,,,,,,74.324326,1.9162946,1.2005588,,,,-21.882458726920095,Technology,Semiconductors,Taiwan,,2019-Q3
2337 TT,MACRONIX INTERNATIONAL,2019-08-01 00:00:00+08:00,2019,3,8,21.571195602416992,23.998444838282506,24.820578438865095,20.475018961729436,1029675990,1853869000,39990170820.25719,39.990170820257184,,,,,,,,,74.324326,1.9162946,1.2005588,,,,-13.872258521544921,Technology,Semiconductors,Taiwan,,2019-Q3
2337 TT,MACRONIX INTERNATIONAL,2019-09-01 00:00:00+08:00,2019,3,9,25.7562313079834,22.85354554630416,27.963908901062773,22.649131012113816,1534183666,1853869000,47748678778.699875,47.748678778699876,,,,,,,,,74.324326,1.9162946,1.2005588,,,,29.253387190175584,Technology,Semiconductors,Taiwan,,2019-Q3
2337 TT,MACRONIX INTERNATIONAL,2019-10-01 00:00:00+08:00,2019,4,10,25.429168701171875,25.91976390162248,27.63684476386089,25.10210575405785,1276282226,1853869000,47142347550.8728,47.142347550872806,,,,,,,,,74.324326,1.9162946,1.2005588,,,,89.37184837932072,Technology,Semiconductors,Taiwan,,2019-Q4
2337 TT,MACRONIX INTERNATIONAL,2019-11-01 00:00:00+08:00,2019,4,11,27.02359962463379,25.715347910177197,27.96390768879317,23.507670412803346,1028645536,1853869000,50098213612.52022,50.09821361252022,,,,,,,,,74.324326,1.9162946,1.2005588,,,,68.35914068344917,Technology,Semiconductors,Taiwan,,2019-Q4
2337 TT,MACRONIX INTERNATIONAL,2019-12-01 00:00:00+08:00,2019,4,12,30.41688346862793,27.228015471122106,31.97043206503675,26.696539550949986,1370905798,1853869000,56388917339.10179,56.388917339101795,,,,,,,,,74.324326,1.9162946,1.2005588,,,,111.70253650782568,Technology,Semiconductors,Taiwan,,2019-Q4
2337 TT,MACRONIX INTERNATIONAL,2020-01-01 00:00:00+08:00,2020,1,1,31.071012496948242,30.416886541888836,32.788093518869,29.43569604974044,970584020,1853869000,57601586866.70494,57.60158686670494,,,,,,,,,74.324326,1.9162946,1.2005588,,,,104.55075147809706,Technology,Semiconductors,Taiwan,,2020-Q1
2337 TT,MACRONIX INTERNATIONAL,2020-02-01 00:00:00+08:00,2020,1,2,26.98272132873535,30.253354217066907,33.44222253083761,26.941839041454923,1297979200,1853869000,50022430606.98128,50.022430606981274,,,,,,,,,74.324326,1.9162946,1.2005588,,,,47.586366406680504,Technology,Semiconductors,Taiwan,,2020-Q1
2337 TT,MACRONIX INTERNATIONAL,2020-03-01 00:00:00+08:00,2020,1,3,20.850282669067383,25.020339514792685,28.781567288575495,18.02936144884049,1344134807,1853869000,38653692681.42128,38.65369268142128,,,,,,,,,74.324326,1.9162946,1.2005588,,,,27.412797863778593,Technology,Semiconductors,Taiwan,,2020-Q1
2337 TT,MACRONIX INTERNATIONAL,2020-04-01 00:00:00+08:00,2020,2,4,29.517459869384766,20.89116645485142,30.253353499451254,20.52322119937743,1499221884,1853869000,54721503810.596466,54.72150381059647,,,,,,,,,74.324326,1.9162946,1.2005588,,,,57.4058289888776,Technology,Semiconductors,Taiwan,,2020-Q2
2337 TT,MACRONIX INTERNATIONAL,2020-05-01 00:00:00+08:00,2020,2,5,26.246826171875,29.51745887212701,30.580416995003635,26.042413187668455,1199981629,1853869000,48658177388.427734,48.65817738842773,,,,,,,,,74.324326,1.9162946,1.2005588,,,,58.869954013837415,Technology,Semiconductors,Taiwan,,2020-Q2
2337 TT,MACRONIX INTERNATIONAL,2020-06-01 00:00:00+08:00,2020,2,6,25.347402572631836,26.287710689909048,27.514197911165425,24.693276678452094,760428107,1853869000,46990763859.92241,46.99076385992241,,,,,,,,,74.324326,1.9162946,1.2005588,,,,39.8394828059909,Technology,Semiconductors,Taiwan,,2020-Q2
2337 TT,MACRONIX INTERNATIONAL,2020-07-01 00:00:00+08:00,2020,3,7,25.91976547241211,25.510936373853934,26.982720504839673,23.54855545312729,935321473,1853869000,48051849696.575165,48.05184969657517,,,,,,,,,74.324326,1.9162946,1.2005588,,,,4.925030617947468,Technology,Semiconductors,Taiwan,,2020-Q3
2337 TT,MACRONIX INTERNATIONAL,2020-08-01 00:00:00+08:00,2020,3,8,25.629810333251953,26.902814125591462,26.902814125591462,22.744333775649316,449207916,1853869000,47514310852.695465,47.514310852695466,,,,,,,,,74.324326,1.9162946,1.2005588,,,,18.814973474999253,Technology,Semiconductors,Taiwan,,2020-Q3
2337 TT,MACRONIX INTERNATIONAL,2020-09-01 00:00:00+08:00,2020,3,9,27.114980697631836,25.629809646371736,28.430417266979013,24.356805888148795,937604850,1853869000,50267622150.938034,50.26762215093803,,,,,,,,,74.324326,1.9162946,1.2005588,,,,5.275420046516199,Technology,Semiconductors,Taiwan,,2020-Q3
2337 TT,MACRONIX INTERNATIONAL,2020-10-01 00:00:00+08:00,2020,4,10,27.157413482666016,27.114980671582543,29.87315547841581,26.39361155220763,1029520996,1853869000,50346286975.69656,50.346286975696565,,,,,,,,,74.324326,1.9162946,1.2005588,,,,6.796308608446555,Technology,Semiconductors,Taiwan,,2020-Q4
2337 TT,MACRONIX INTERNATIONAL,2020-11-01 00:00:00+08:00,2020,4,11,32.673763275146484,27.412013736600738,33.22539953449847,25.96927710866322,1422380728,1853869000,60572876849.13254,60.57287684913254,,,,,,,,,74.324326,1.9162946,1.2005588,,,,20.908256964265416,Technology,Semiconductors,Taiwan,,2020-Q4
2337 TT,MACRONIX INTERNATIONAL,2020-12-01 00:00:00+08:00,2020,4,12,35.898704528808594,33.522431547601066,39.802584575535725,32.54646072656531,1915368167,1853869000,66551495466.11786,66.55149546611786,,,,,,,,,74.324326,1.9162946,1.2005588,,,,18.02229694516413,Technology,Semiconductors,Taiwan,,2020-Q4
2337 TT,MACRONIX INTERNATIONAL,2021-01-01 00:00:00+08:00,2021,1,1,33.352699279785156,35.89870690782091,36.917110606518435,31.612928048110614,1116371294,1853869000,61831535261.11603,61.83153526111603,,,,,,,,,74.324326,1.9162946,1.2005588,,,,7.343458096388122,Technology,Semiconductors,Taiwan,,2021-Q1
2337 TT,MACRONIX INTERNATIONAL,2021-02-01 00:00:00+08:00,2021,1,2,40.057186126708984,33.39513109078644,42.43345919409511,32.758629202875014,1166880507,1853869000,74260775587.53586,74.26077558753586,,,,,,,,,74.324326,1.9162946,1.2005588,,,,48.454952481201104,Technology,Semiconductors,Taiwan,,2021-Q1
2337 TT,MACRONIX INTERNATIONAL,2021-03-01 00:00:00+08:00,2021,1,3,37.63848114013672,40.05719052204639,41.37262725391847,33.81946939362117,1187314516,1853869000,69776813392.78412,69.77681339278412,,,,,,,,,74.324326,1.9162946,1.2005588,,,,80.51784590899389,Technology,Semiconductors,Taiwan,,2021-Q1
2337 TT,MACRONIX INTERNATIONAL,2021-04-01 00:00:00+08:00,2021,2,4,38.91147994995117,38.27497807571588,41.71209078651922,37.25657766687217,1509748588,1853869000,72136786423.33603,72.13678642333603,,,,,,,,,74.324326,1.9162946,1.2005588,,,,31.825299745083413,Technology,Semiconductors,Taiwan,,2021-Q2
2337 TT,MACRONIX INTERNATIONAL,2021-05-01 00:00:00+08:00,2021,2,5,35.813838958740234,39.03878109757878,39.97231587233713,29.321518633415664,1029197937,1853869000,66394165816.6008,66.3941658166008,,,,,,,,,74.324326,1.9162946,1.2005588,,,,36.45017010520246,Technology,Semiconductors,Taiwan,,2021-Q2
2337 TT,MACRONIX INTERNATIONAL,2021-06-01 00:00:00+08:00,2021,2,6,38.784183502197266,36.62007766653999,39.46311822197381,35.21977217660028,899503915,1853869000,71900795485.03494,71.90079548503495,,,,,,,,,74.324326,1.9162946,1.2005588,,,,53.010484569623806,Technology,Semiconductors,Taiwan,,2021-Q2
2337 TT,MACRONIX INTERNATIONAL,2021-07-01 00:00:00+08:00,2021,3,7,35.21976852416992,38.52957939128714,38.86904509726341,34.03163045971354,749556077,1853869000,65292837054.13437,65.29283705413437,,,,,,,,,74.324326,1.9162946,1.2005588,,,,35.87996605006454,Technology,Semiconductors,Taiwan,,2021-Q3
2337 TT,MACRONIX INTERNATIONAL,2021-08-01 00:00:00+08:00,2021,3,8,34.20136642456055,35.898704740791004,40.73611958953099,31.570493329369704,975621040,1853869000,63404852972.13364,63.40485297213364,,,,,,,,,74.324326,1.9162946,1.2005588,,,,33.443696928915266,Technology,Semiconductors,Taiwan,,2021-Q3
2337 TT,MACRONIX INTERNATIONAL,2021-09-01 00:00:00+08:00,2021,3,9,31.27345848083496,34.201367845455614,35.55924049730232,29.745854580246462,388276074,1853869000,57976895200.40703,57.97689520040703,,,,,,,,,74.324326,1.9162946,1.2005588,,,,15.336458578288115,Technology,Semiconductors,Taiwan,,2021-Q3
2337 TT,MACRONIX INTERNATIONAL,2021-10-01 00:00:00+08:00,2021,4,10,34.25852966308594,32.16106737059774,34.870289776213696,29.71403025191112,500728749,1853869000,63510826127.975464,63.51082612797546,,,,,,,,,74.324326,1.9162946,1.2005588,,,,26.147984177331217,Technology,Semiconductors,Taiwan,,2021-Q4
2337 TT,MACRONIX INTERNATIONAL,2021-11-01 00:00:00+08:00,2021,4,11,37.055145263671875,34.6955009975819,38.6719367667167,34.127437316066455,633096430,1853869000,68695385094.818115,68.69538509481812,,,,,,,,,74.324326,1.9162946,1.2005588,,,,13.409480725038247,Technology,Semiconductors,Taiwan,,2021-Q4
2337 TT,MACRONIX INTERNATIONAL,2021-12-01 00:00:00+08:00,2021,4,12,36.88035583496094,37.01144514450585,38.016479853472234,34.87028975085257,268266118,1853869000,68371348391.4032,68.3713483914032,,,,,,,,,74.324326,1.9162946,1.2005588,,,,2.7345034285696013,Technology,Semiconductors,Taiwan,,2021-Q4
2337 TT,MACRONIX INTERNATIONAL,2022-01-01 00:00:00+08:00,2022,1,1,35.83162307739258,36.88035417569087,37.0551432477113,33.3845860705794,273419908,1853869000,66427135242.8627,66.4271352428627,,,,,,,,,74.324326,1.9162946,1.2005588,,,,7.432453298045005,Technology,Semiconductors,Taiwan,,2022-Q1
2337 TT,MACRONIX INTERNATIONAL,2022-02-01 00:00:00+08:00,2022,1,2,38.0164794921875,35.83162434895833,39.4584852202485,35.613138834635414,488207302,1853869000,70477572819.70215,70.47757281970215,,,,,,,,,74.324326,1.9162946,1.2005588,,,,-5.094483242198578,Technology,Semiconductors,Taiwan,,2022-Q1
2337 TT,MACRONIX INTERNATIONAL,2022-03-01 00:00:00+08:00,2022,1,3,35.04507827758789,38.497150377368165,39.327396072326664,34.9576853976237,323986771,1853869000,64968984221.393585,64.96898422139358,,,,,,,,,74.324326,1.9162946,1.2005588,,,,-6.890296271236329,Technology,Semiconductors,Taiwan,,2022-Q1
2337 TT,MACRONIX INTERNATIONAL,2022-04-01 00:00:00+08:00,2022,2,4,33.38459014892578,34.87029244186017,35.350959948267715,32.33585892251182,239173154,1853869000,61890656754.79889,61.89065675479889,,,,,,,,,74.324326,1.9162946,1.2005588,,,,-14.203751201789805,Technology,Semiconductors,Taiwan,,2022-Q2
2337 TT,MACRONIX INTERNATIONAL,2022-05-01 00:00:00+08:00,2022,2,5,34.520713806152344,33.3845897147401,34.9139884276709,32.1173729715468,136032068,1853869000,63996881183.09784,63.99688118309784,,,,,,,,,74.324326,1.9162946,1.2005588,,,,-3.610685673986669,Technology,Semiconductors,Taiwan,,2022-Q2
2337 TT,MACRONIX INTERNATIONAL,2022-06-01 00:00:00+08:00,2022,2,6,31.024944305419922,34.65180532535797,35.83162581752723,30.063609336528266,195180778,1853869000,57516182474.544525,57.51618247454452,,,,,,,,,74.324326,1.9162946,1.2005588,,,,-20.00619452601794,Technology,Semiconductors,Taiwan,,2022-Q2
2337 TT,MACRONIX INTERNATIONAL,2022-07-01 00:00:00+08:00,2022,3,7,28.534210205078125,30.675365630983134,30.675365630983134,24.645167287826553,275326559,1853869000,52898687738.67798,52.89868773867798,,,,,,,,,74.324326,1.9162946,1.2005588,,,,-18.98240277900681,Technology,Semiconductors,Taiwan,,2022-Q3
2337 TT,MACRONIX INTERNATIONAL,2022-08-01 00:00:00+08:00,2022,3,8,30.68134880065918,30.495118359807567,31.37971028981508,28.95872343886961,188087759,1853869000,56879201419.72923,56.879201419729235,,,,,,,,,74.324326,1.9162946,1.2005588,,,,-10.29203798528232,Technology,Semiconductors,Taiwan,,2022-Q3
2337 TT,MACRONIX INTERNATIONAL,2022-09-01 00:00:00+08:00,2022,3,9,29.005277633666992,30.634789409066776,30.634789409066776,27.049865279212206,134538768,1853869000,53771985041.44859,53.771985041448595,,,,,,,,,74.324326,1.9162946,1.2005588,,,,-7.252734290829899,Technology,Semiconductors,Taiwan,,2022-Q3
2337 TT,MACRONIX INTERNATIONAL,2022-10-01 00:00:00+08:00,2022,4,10,27.748228073120117,28.446589535792857,30.821017798470148,26.63085079845876,207600419,1853869000,51441579829.68712,51.44157982968712,,,,,,,,,74.324326,1.9162946,1.2005588,,,,-19.003447182325417,Technology,Semiconductors,Taiwan,,2022-Q4
2337 TT,MACRONIX INTERNATIONAL,2022-11-01 00:00:00+08:00,2022,4,11,32.26429748535156,27.655111622865668,32.77642845850562,27.515437924710156,224527254,1853869000,59813780914.871216,59.81378091487122,,,,,,,,,74.324326,1.9162946,1.2005588,,,,-12.92896774315756,Technology,Semiconductors,Taiwan,,2022-Q4
2337 TT,MACRONIX INTERNATIONAL,2022-12-01 00:00:00+08:00,2022,4,12,31.426265716552734,32.63675820411364,33.94036768428697,30.448560382447777,342207651,1853869000,58260179797.6799,58.2601797976799,,,,,,,,,74.324326,1.9162946,1.2005588,,,,-14.788604922401449,Technology,Semiconductors,Taiwan,,2022-Q4
2337 TT,MACRONIX INTERNATIONAL,2023-01-01 00:00:00+08:00,2023,1,1,33.33511734008789,31.42626352525985,33.33511734008789,31.1934763880357,70317998,1853869000,61798940648.1514,61.7989406481514,,,,,,,,,74.324326,1.9162946,1.2005588,,,,-6.967325292277426,Technology,Semiconductors,Taiwan,,2023-Q1
2337 TT,MACRONIX INTERNATIONAL,2023-02-01 00:00:00+08:00,2023,1,2,32.078067779541016,33.47479058371218,34.87151338788335,31.84528064551249,122577816,1853869000,59468535436.38992,59.46853543638992,,,,,,,,,74.324326,1.9162946,1.2005588,,,,-15.620625034116708,Technology,Semiconductors,Taiwan,,2023-Q1
2337 TT,MACRONIX INTERNATIONAL,2023-03-01 00:00:00+08:00,2023,1,3,32.636756896972656,31.752165038859005,33.52134875508631,30.821016462328828,174672761,1853869000,60504271871.8338,60.5042718718338,,,,,,,,,74.324326,1.9162946,1.2005588,,,,-6.8720673457745125,Technology,Semiconductors,Taiwan,,2023-Q1
2337 TT,MACRONIX INTERNATIONAL,2023-04-01 00:00:00+08:00,2023,2,4,29.982986450195312,32.6367586119339,33.102332924663486,29.23806648421294,175155688,1853869000,55584529107.43713,55.584529107437135,,,,,,,,,74.324326,1.9162946,1.2005588,,,,-10.189143205162043,Technology,Semiconductors,Taiwan,,2023-Q2
2337 TT,MACRONIX INTERNATIONAL,2023-05-01 00:00:00+08:00,2023,2,5,31.00724983215332,29.9829877215374,31.37971071895016,29.424298167367265,165469631,1853869000,57483379239.08424,57.48337923908424,,,,,,,,,74.324326,1.9162946,1.2005588,,,,-10.177842769209622,Technology,Semiconductors,Taiwan,,2023-Q2
2337 TT,MACRONIX INTERNATIONAL,2023-06-01 00:00:00+08:00,2023,2,6,30.448562622070312,31.100367410100016,32.77643432785474,29.84331455774623,384133531,1853869000,56447646339.61487,56.44764633961487,,,,,,,,,74.324326,1.9162946,1.2005588,,,,-1.857800863961323,Technology,Semiconductors,Taiwan,,2023-Q2
2337 TT,MACRONIX INTERNATIONAL,2023-07-01 00:00:00+08:00,2023,3,7,30.631694793701172,32.30073015415142,32.30073015415142,29.306284580709086,147098120,1853869000,56787149395.504,56.787149395503995,,,,,,,,,74.324326,1.9162946,1.2005588,,,,7.3507714899000876,Technology,Semiconductors,Taiwan,,2023-Q3
2337 TT,MACRONIX INTERNATIONAL,2023-08-01 00:00:00+08:00,2023,3,8,33.086158752441406,30.92623077469029,34.90245969667931,29.20810684276305,333509262,1853869000,61337404040.2298,61.3374040402298,,,,,,,,,74.324326,1.9162946,1.2005588,,,,7.838019010854436,Technology,Semiconductors,Taiwan,,2023-Q3
2337 TT,MACRONIX INTERNATIONAL,2023-09-01 00:00:00+08:00,2023,3,9,31.073495864868164,33.28251405781024,34.50974534688565,31.073495864868164,263481855,1853869000,57606190705.50728,57.60619070550728,,,,,,,,,74.324326,1.9162946,1.2005588,,,,7.130489345154722,Technology,Semiconductors,Taiwan,,2023-Q3
2337 TT,MACRONIX INTERNATIONAL,2023-10-01 00:00:00+08:00,2023,4,10,26.508195877075195,31.318942161726834,32.595263827520185,26.508195877075195,203564532,1853869000,49142722582.437515,49.142722582437514,,,,,,,,,74.324326,1.9162946,1.2005588,,,,-4.468869841985146,Technology,Semiconductors,Taiwan,,2023-Q4
2337 TT,MACRONIX INTERNATIONAL,2023-11-01 00:00:00+08:00,2023,4,11,28.275409698486328,26.606376177578,28.668125230564936,26.11548363508618,143915728,1853869000,52418905502.32315,52.41890550232315,,,,,,,,,74.324326,1.9162946,1.2005588,,,,-12.36316330357493,Technology,Semiconductors,Taiwan,,2023-Q4
2337 TT,MACRONIX INTERNATIONAL,2023-12-01 00:00:00+08:00,2023,4,12,30.778961181640625,28.128140841554316,32.00619060118418,27.1954461830842,251586788,1853869000,57060161986.846924,57.06016198684692,,,,,,,,,74.324326,1.9162946,1.2005588,,,,-2.0597564494312937,Technology,Semiconductors,Taiwan,,2023-Q4
2337 TT,MACRONIX INTERNATIONAL,2024-01-01 00:00:00+08:00,2024,1,1,28.66812515258789,30.778962705039977,31.269855246196574,27.78451708042087,177366692,1853869000,53146948508.50296,53.14694850850296,,,,,,,,,74.324326,1.9162946,1.2005588,,,,-14.000227267499687,Technology,Semiconductors,Taiwan,,2024-Q1
2337 TT,MACRONIX INTERNATIONAL,2024-02-01 00:00:00+08:00,2024,1,2,27.931785583496094,28.324499231251846,28.76630138274967,27.489981559391886,88198924,1853869000,51781871407.89032,51.78187140789032,,,,,,,,,74.324326,1.9162946,1.2005588,,,,-12.925598338841871,Technology,Semiconductors,Taiwan,,2024-Q1
2337 TT,MACRONIX INTERNATIONAL,2024-03-01 00:00:00+08:00,2024,1,3,26.26275062561035,27.931785993850582,28.32449964737581,25.919125476548373,153702055,1853869000,48687699239.54964,48.68769923954964,,,,,,,,,74.324326,1.9162946,1.2005588,,,,-19.530145999137403,Technology,Semiconductors,Taiwan,,2024-Q1
2337 TT,MACRONIX INTERNATIONAL,2024-04-01 00:00:00+08:00,2024,2,4,27.097267150878906,26.31183800481199,27.63724816730727,24.642804580556657,179099274,1853869000,50234783555.73273,50.234783555732726,6455575000.0,6455.575,1935657000.0,-286372000.0,-511853000.0,982010000.0,1.9454031420800133,,74.324326,1.9162946,1.2005588,,,,-9.624522574193428,Technology,Semiconductors,Taiwan,,2024-Q2
2337 TT,MACRONIX INTERNATIONAL,2024-05-01 00:00:00+08:00,2024,2,5,26.65546417236328,26.75364305350292,27.588160734280255,25.820946491585946,167701933,1853869000,49415738709.754944,49.41573870975494,6455575000.0,6455.575,1935657000.0,-286372000.0,-511853000.0,982010000.0,1.9136846334275004,,74.324326,1.9162946,1.2005588,,0.0,,-14.034736016082938,Technology,Semiconductors,Taiwan,,2024-Q2
2337 TT,MACRONIX INTERNATIONAL,2024-06-01 00:00:00+08:00,2024,2,6,25.57550048828125,26.704554824098537,27.489982136087022,25.231877209665303,224969244,1853869000,47413627514.70947,47.413627514709475,6455575000.0,6455.575,1935657000.0,-286372000.0,-511853000.0,982010000.0,1.8361504403058393,,74.324326,1.9162946,1.2005588,,0.0,,-16.004243596894373,Technology,Semiconductors,Taiwan,,2024-Q2
2337 TT,MACRONIX INTERNATIONAL,2024-07-01 00:00:00+08:00,2024,3,7,29.399999618530273,26.149999618530273,29.399999618530273,25.200000762939453,567064289,1853869000,54503747892.8051,54.5037478928051,7754539000.0,7754.539,2243789000.0,-296427000.0,-357781000.0,983580000.0,1.7571562891361143,,74.324326,1.9162946,1.2005588,,20.12158483171522,,-4.020982787489036,Technology,Semiconductors,Taiwan,,2024-Q3
2337 TT,MACRONIX INTERNATIONAL,2024-08-01 00:00:00+08:00,2024,3,8,27.700000762939453,30.450000762939453,31.0,25.149999618530273,540116887,1853869000,51352172714.3898,51.3521727143898,7754539000.0,7754.539,2243789000.0,-296427000.0,-357781000.0,983580000.0,1.6555520809937831,,74.324326,1.9162946,1.2005588,,0.0,20.12158483171522,-16.279188012735123,Technology,Semiconductors,Taiwan,,2024-Q3
2337 TT,MACRONIX INTERNATIONAL,2024-09-01 00:00:00+08:00,2024,3,9,26.799999237060547,28.100000381469727,28.100000381469727,24.5,182268776,1853869000,49683687785.6102,49.683687785610196,7754539000.0,7754.539,2243789000.0,-296427000.0,-357781000.0,983580000.0,1.6017614904512762,,74.324326,1.9162946,1.2005588,,0.0,20.12158483171522,-13.752867222896704,Technology,Semiconductors,Taiwan,,2024-Q3
2337 TT,MACRONIX INTERNATIONAL,2024-10-01 00:00:00+08:00,2024,4,10,24.149999618530273,26.950000762939453,27.100000381469727,24.0,119095569,1853869000,44770935642.8051,44.7709356428051,5912900000.0,5912.9,777318000.0,-1551479000.0,-1752598000.0,-379465000.0,1.8929347546383797,,74.324326,1.9162946,1.2005588,,-23.749174515725567,-8.406299981024157,-8.896102433679143,Technology,Semiconductors,Taiwan,,2024-Q4
2337 TT,MACRONIX INTERNATIONAL,2024-11-01 00:00:00+08:00,2024,4,11,20.950000762939453,23.5,23.549999237060547,20.700000762939453,174083406,1853869000,38838556964.3898,38.8385569643898,5912900000.0,5912.9,777318000.0,-1551479000.0,-1752598000.0,-379465000.0,1.6421111875894148,,74.324326,1.9162946,1.2005588,,0.0,-23.749174515725567,-25.90734851823925,Technology,Semiconductors,Taiwan,,2024-Q4
2337 TT,MACRONIX INTERNATIONAL,2024-12-01 00:00:00+08:00,2024,4,12,19.799999237060547,21.049999237060547,23.350000381469727,19.5,213903305,1853869000,36706604785.6102,36.706604785610196,5912900000.0,5912.9,777318000.0,-1551479000.0,-1752598000.0,-379465000.0,1.551971316342666,,74.324326,1.9162946,1.2005588,,0.0,-23.749174515725567,-35.67034598662456,Technology,Semiconductors,Taiwan,,2024-Q4
2337 TT,MACRONIX INTERNATIONAL,2025-01-01 00:00:00+08:00,2025,1,1,19.200000762939453,19.649999618530273,20.75,17.600000381469727,113217071,1853869000,35594286214.3898,35.594286214389804,6137377000.0,6137.377,1086556000.0,-873053000.0,-1082187000.0,397660000.0,1.44989814925781,,74.324326,1.9162946,1.2005588,,3.796394324274055,-20.854392504828468,-33.02666058297762,Technology,Semiconductors,Taiwan,,2025-Q1
2337 TT,MACRONIX INTERNATIONAL,2025-02-01 00:00:00+08:00,2025,1,2,22.0,19.200000762939453,23.649999618530273,18.399999618530273,363202006,1853869000,40785118000.0,40.785118,6137377000.0,6137.377,1086556000.0,-873053000.0,-1082187000.0,397660000.0,1.661341563342125,,74.324326,1.9162946,1.2005588,,0.0,3.796394324274055,-21.23668594606776,Technology,Semiconductors,Taiwan,,2025-Q1
2337 TT,MACRONIX INTERNATIONAL,2025-03-01 00:00:00+08:00,2025,1,3,20.700000762939453,21.799999237060547,23.600000381469727,20.649999618530273,561900691,1853869000,38375089714.3898,38.3750897143898,6137377000.0,6137.377,1086556000.0,-873053000.0,-1082187000.0,397660000.0,1.5631714376675003,,74.324326,1.9162946,1.2005588,,0.0,3.796394324274055,-21.181139561392072,Technology,Semiconductors,Taiwan,,2025-Q1
2337 TT,MACRONIX INTERNATIONAL,2025-04-01 00:00:00+08:00,2025,2,4,19.850000381469727,20.950000762939453,22.200000762939453,16.899999618530273,393395253,1853869000,36799300357.1949,36.7993003571949,6799341000.0,6799.341,1064087000.0,-1276121000.0,-1079059000.0,-25932000.0,1.3530465804404759,,74.324326,1.9162946,1.2005588,,10.785780309731674,14.991645385513031,-26.745378893952832,Technology,Semiconductors,Taiwan,,2025-Q2
2337 TT,MACRONIX INTERNATIONAL,2025-05-01 00:00:00+08:00,2025,2,5,21.549999237060547,20.0,23.200000762939453,19.5,246114358,1853869000,39950875535.6102,39.9508755356102,6799341000.0,6799.341,1064087000.0,-1276121000.0,-1079059000.0,-25932000.0,1.4689245448790624,,74.324326,1.9162946,1.2005588,,0.0,10.785780309731674,-19.153539785647943,Technology,Semiconductors,Taiwan,,2025-Q2
2337 TT,MACRONIX INTERNATIONAL,2025-06-01 00:00:00+08:00,2025,2,6,21.25,21.5,23.5,20.799999237060547,309220833,1853869000,39394716250.0,39.39471625,6799341000.0,6799.341,1064087000.0,-1276121000.0,-1079059000.0,-25932000.0,1.4484755305698007,,74.324326,1.9162946,1.2005588,,0.0,10.785780309731674,-16.912671915308962,Technology,Semiconductors,Taiwan,,2025-Q2
2337 TT,MACRONIX INTERNATIONAL,2025-07-01 00:00:00+08:00,2025,3,7,18.950000762939453,21.350000381469727,22.350000381469727,18.950000762939453,185482851,1853869000,35130818964.3898,35.1308189643898,,,,,,,,,74.324326,1.9162946,1.2005588,,0.0,10.785780309731674,-35.5442142557185,Technology,Semiconductors,Taiwan,,2025-Q3
2337 TT,MACRONIX INTERNATIONAL,2025-08-01 00:00:00+08:00,2025,3,8,20.100000381469727,18.600000381469727,20.700000762939453,18.149999618530273,158516451,1853869000,37262767607.1949,37.2627676071949,,,,,,,,,74.324326,1.9162946,1.2005588,,0.0,0.0,-27.436823726149363,Technology,Semiconductors,Taiwan,,2025-Q3
2337 TT,MACRONIX INTERNATIONAL,2025-09-01 00:00:00+08:00,2025,3,9,25.049999237060547,20.100000381469727,28.899999618530273,19.600000381469727,1294354139,1853869000,46439417035.6102,46.4394170356102,,,,,,,,,74.324326,1.9162946,1.2005588,,0.0,0.0,-6.5298509321597304,Technology,Semiconductors,Taiwan,,2025-Q3
2337 TT,MACRONIX INTERNATIONAL,2025-10-01 00:00:00+08:00,2025,4,10,27.5,25.0,27.600000381469727,24.549999237060547,432336719,1853869000,50981397500.0,50.9813975,,,,,,,,,74.324326,1.9162946,1.2005588,,0.0,0.0,13.871637409465109,Technology,Semiconductors,Taiwan,,2025-Q4
