ticker,company_name,date,year,quarter,month,close_price,open_price,high_price,low_price,volume,shares_outstanding,market_cap,market_cap_billions,revenue,revenue_millions,gross_profit,net_income,operating_income,ebitda,ps_ratio,current_pe,forward_pe,current_ps,current_pb,peg_ratio,revenue_qoq_pct,revenue_yoy_pct,market_cap_yoy_pct,sector,industry,country,employees,year_quarter
2344 TT,WINBOND ELECTRONICS CORP,2015-01-01 00:00:00+08:00,2015,1,1,7.694967746734619,8.307502399945857,8.728620486966696,7.511207574598788,758027656,4500000193,34627356345.43456,34.62735634543456,,,,,,,,,16.776062,2.4134421,2.2303782,,,,,Technology,Semiconductors,Taiwan,,2015-Q1
2344 TT,WINBOND ELECTRONICS CORP,2015-02-01 00:00:00+08:00,2015,1,2,8.15436840057373,7.6949669015549915,8.498919524837786,7.633713517570836,447236113,4500000193,36694659376.374886,36.69465937637489,,,,,,,,,16.776062,2.4134421,2.2303782,,,,,Technology,Semiconductors,Taiwan,,2015-Q1
2344 TT,WINBOND ELECTRONICS CORP,2015-03-01 00:00:00+08:00,2015,1,3,7.886385917663574,8.192652875594353,8.345785981513837,7.809818245566116,456838664,4500000193,35488738151.55856,35.488738151558564,,,,,,,,,16.776062,2.4134421,2.2303782,,,,,Technology,Semiconductors,Taiwan,,2015-Q1
2344 TT,WINBOND ELECTRONICS CORP,2015-04-01 00:00:00+08:00,2015,2,4,7.809818267822266,7.848102477026001,8.307502542185446,7.580118235242543,465267210,4500000193,35144183712.49512,35.14418371249512,,,,,,,,,16.776062,2.4134421,2.2303782,,,,,Technology,Semiconductors,Taiwan,,2015-Q2
2344 TT,WINBOND ELECTRONICS CORP,2015-05-01 00:00:00+08:00,2015,2,5,7.511207580566406,7.809818140308802,7.886385811374315,6.967582711689772,305015494,4500000193,33800435562.21189,33.80043556221189,,,,,,,,,16.776062,2.4134421,2.2303782,,,,,Technology,Semiconductors,Taiwan,,2015-Q2
2344 TT,WINBOND ELECTRONICS CORP,2015-06-01 00:00:00+08:00,2015,2,6,6.186601638793945,7.495895057636334,7.503551451967854,6.010497481296621,335416096,4500000193,27839708568.58687,27.839708568586868,,,,,,,,,16.776062,2.4134421,2.2303782,,,,,Technology,Semiconductors,Taiwan,,2015-Q2
2344 TT,WINBOND ELECTRONICS CORP,2015-07-01 00:00:00+08:00,2015,3,7,5.3213958740234375,6.194258401256375,6.2937948849003815,4.555726970851777,425769830,4500000193,23946282460.134872,23.94628246013487,,,,,,,,,16.776062,2.4134421,2.2303782,,,,,Technology,Semiconductors,Taiwan,,2015-Q3
2344 TT,WINBOND ELECTRONICS CORP,2015-08-01 00:00:00+08:00,2015,3,8,5.152948379516602,5.512812656107452,5.512812656107452,4.594010049361741,390731434,4500000193,23188268702.343742,23.18826870234374,,,,,,,,,16.776062,2.4134421,2.2303782,,,,,Technology,Semiconductors,Taiwan,,2015-Q3
2344 TT,WINBOND ELECTRONICS CORP,2015-09-01 00:00:00+08:00,2015,3,9,5.206544876098633,5.129978330441758,6.00284000990627,4.938561033684895,454623478,4500000193,23429452947.307007,23.429452947307006,,,,,,,,,16.776062,2.4134421,2.2303782,,,,,Technology,Semiconductors,Taiwan,,2015-Q3
2344 TT,WINBOND ELECTRONICS CORP,2015-10-01 00:00:00+08:00,2015,4,10,6.025811195373535,5.283112571624676,6.240198077000225,5.283112571624676,385935263,4500000193,27116151542.162468,27.116151542162466,,,,,,,,,16.776062,2.4134421,2.2303782,,,,,Technology,Semiconductors,Taiwan,,2015-Q4
2344 TT,WINBOND ELECTRONICS CORP,2015-11-01 00:00:00+08:00,2015,4,11,5.819080829620361,6.025810934698675,6.194258322544403,5.581722909353983,218701824,4500000193,26185864856.374226,26.185864856374227,,,,,,,,,16.776062,2.4134421,2.2303782,,,,,Technology,Semiconductors,Taiwan,,2015-Q4
2344 TT,WINBOND ELECTRONICS CORP,2015-12-01 00:00:00+08:00,2015,4,12,6.041123390197754,5.895646321175564,6.668971518470256,5.704229399969634,325151434,4500000193,27185056421.826706,27.185056421826705,,,,,,,,,16.776062,2.4134421,2.2303782,,,,,Technology,Semiconductors,Taiwan,,2015-Q4
2344 TT,WINBOND ELECTRONICS CORP,2016-01-01 00:00:00+08:00,2016,1,1,6.737882137298584,6.041123474890614,6.7761655966856535,5.275455033240962,319924081,4500000193,30320470918.25488,30.32047091825488,,,,,,,,,16.776062,2.4134421,2.2303782,,,,-12.437811839330681,Technology,Semiconductors,Taiwan,,2016-Q1
2344 TT,WINBOND ELECTRONICS CORP,2016-02-01 00:00:00+08:00,2016,1,2,7.250880718231201,6.623032509978633,7.312134110976352,6.561779117233483,212538535,4500000193,32628964631.460384,32.628964631460384,,,,,,,,,16.776062,2.4134421,2.2303782,,,,-11.079799660252787,Technology,Semiconductors,Taiwan,,2016-Q1
2344 TT,WINBOND ELECTRONICS CORP,2016-03-01 00:00:00+08:00,2016,1,3,7.23556661605835,7.319789176439739,7.809816975532395,6.891015505063894,299833096,4500000193,32560051168.72693,32.56005116872693,,,,,,,,,16.776062,2.4134421,2.2303782,,,,-8.252440451177367,Technology,Semiconductors,Taiwan,,2016-Q1
2344 TT,WINBOND ELECTRONICS CORP,2016-04-01 00:00:00+08:00,2016,2,4,6.416301727294922,7.281507121747725,7.365731190530197,6.3627054743600615,135068244,4500000193,28873359011.17338,28.87335901117338,,,,,,,,,16.776062,2.4134421,2.2303782,,,,-17.84313658448187,Technology,Semiconductors,Taiwan,,2016-Q2
2344 TT,WINBOND ELECTRONICS CORP,2016-05-01 00:00:00+08:00,2016,2,5,6.584747791290283,6.416301160781633,6.791479374751119,6.2095714425502155,127190428,4500000193,29631366331.662598,29.631366331662598,,,,,,,,,16.776062,2.4134421,2.2303782,,,,-12.334365404480819,Technology,Semiconductors,Taiwan,,2016-Q2
2344 TT,WINBOND ELECTRONICS CORP,2016-06-01 00:00:00+08:00,2016,2,6,6.829762935638428,6.584747887817223,7.051806563696518,6.293794477020462,140140289,4500000193,30733934528.51717,30.73393452851717,,,,,,,,,16.776062,2.4134421,2.2303782,,,,10.396035406764348,Technology,Semiconductors,Taiwan,,2016-Q2
2344 TT,WINBOND ELECTRONICS CORP,2016-07-01 00:00:00+08:00,2016,3,7,7.342759609222412,6.845076128875482,7.771534056350379,6.737882144047619,307049833,4500000193,33042419658.653458,33.04241965865346,,,,,,,,,16.776062,2.4134421,2.2303782,,,,37.98559218392914,Technology,Semiconductors,Taiwan,,2016-Q3
2344 TT,WINBOND ELECTRONICS CORP,2016-08-01 00:00:00+08:00,2016,3,8,7.886385917663574,7.404014433046357,8.077802486585881,7.327446760948899,369995715,4500000193,35488738151.55856,35.488738151558564,,,,,,,,,16.776062,2.4134421,2.2303782,,,,53.04608811942722,Technology,Semiconductors,Taiwan,,2016-Q3
2344 TT,WINBOND ELECTRONICS CORP,2016-09-01 00:00:00+08:00,2016,3,9,7.811111927032471,7.927119416527332,8.081794310778562,7.710572906647515,207179370,4500000193,35150005179.19072,35.15000517919072,,,,,,,,,16.776062,2.4134421,2.2303782,,,,50.02486510565702,Technology,Semiconductors,Taiwan,,2016-Q3
2344 TT,WINBOND ELECTRONICS CORP,2016-10-01 00:00:00+08:00,2016,4,10,7.671903610229492,7.8497796745519075,8.04312420568962,7.463091365880048,165487235,4500000193,34523567726.71011,34.52356772671011,,,,,,,,,16.776062,2.4134421,2.2303782,,,,27.317357970322487,Technology,Semiconductors,Taiwan,,2016-Q4
2344 TT,WINBOND ELECTRONICS CORP,2016-11-01 00:00:00+08:00,2016,4,11,7.656436920166016,7.656436920166016,7.927119299930758,7.354819109843837,209132982,4500000193,34453967618.43939,34.45396761843939,,,,,,,,,16.776062,2.4134421,2.2303782,,,,31.574678962923475,Technology,Semiconductors,Taiwan,,2016-Q4
2344 TT,WINBOND ELECTRONICS CORP,2016-12-01 00:00:00+08:00,2016,4,12,7.710573196411133,7.687372752685437,8.004457541262589,7.447625037338393,208965417,4500000193,34697580871.99072,34.69758087199072,,,,,,,,,16.776062,2.4134421,2.2303782,,,,27.634757616806937,Technology,Semiconductors,Taiwan,,2016-Q4
2344 TT,WINBOND ELECTRONICS CORP,2017-01-01 00:00:00+08:00,2017,1,1,9.89923095703125,7.710572354531428,10.517932750545024,7.679637679337733,681111167,4500000193,44546541217.1922,44.5465412171922,,,,,,,,,16.776062,2.4134421,2.2303782,,,,46.91902819481708,Technology,Semiconductors,Taiwan,,2017-Q1
2344 TT,WINBOND ELECTRONICS CORP,2017-02-01 00:00:00+08:00,2017,1,2,8.623157501220703,9.899229855441282,10.401924865430457,8.50715003294192,810019193,4500000193,38804210419.76256,38.804210419762555,,,,,,,,,16.776062,2.4134421,2.2303782,,,,18.92565656940304,Technology,Semiconductors,Taiwan,,2017-Q1
2344 TT,WINBOND ELECTRONICS CORP,2017-03-01 00:00:00+08:00,2017,1,3,13.147416114807129,8.700496645437463,13.534105223032805,8.50715133772097,2349984866,4500000193,59163375054.08339,59.16337505408339,,,,,,,,,16.776062,2.4134421,2.2303782,,,,81.70541178666284,Technology,Semiconductors,Taiwan,,2017-Q1
2344 TT,WINBOND ELECTRONICS CORP,2017-04-01 00:00:00+08:00,2017,2,4,13.186083793640137,13.147414886430445,14.462156224352773,12.412707156653486,1467239437,4500000193,59337379616.294785,59.33737961629478,,,,,,,,,16.776062,2.4134421,2.2303782,,,,105.50909782728249,Technology,Semiconductors,Taiwan,,2017-Q2
2344 TT,WINBOND ELECTRONICS CORP,2017-05-01 00:00:00+08:00,2017,2,5,13.534103393554688,13.18608324319535,13.650110110341133,12.219362110515412,996093998,4500000193,60903467883.07805,60.90346788307805,,,,,,,,,16.776062,2.4134421,2.2303782,,,,105.53715681345292,Technology,Semiconductors,Taiwan,,2017-Q2
2344 TT,WINBOND ELECTRONICS CORP,2017-06-01 00:00:00+08:00,2017,2,6,14.114139556884766,13.766119342923776,15.235536516885013,13.49543695428745,1435790505,4500000193,63513630730.010376,63.51363073001038,,,,,,,,,16.776062,2.4134421,2.2303782,,,,106.65636113423042,Technology,Semiconductors,Taiwan,,2017-Q2
2344 TT,WINBOND ELECTRONICS CORP,2017-07-01 00:00:00+08:00,2017,3,7,14.114139556884766,14.152808469547097,14.84884739026169,13.65011260493678,695857290,4500000193,63513630730.010376,63.51363073001038,,,,,,,,,16.776062,2.4134421,2.2303782,,,,92.2184615598417,Technology,Semiconductors,Taiwan,,2017-Q3
2344 TT,WINBOND ELECTRONICS CORP,2017-08-01 00:00:00+08:00,2017,3,8,17.9036865234375,13.998131292138343,19.102422685225076,13.418097665466934,1968678968,4500000193,80566592810.88025,80.56659281088025,,,,,,,,,16.776062,2.4134421,2.2303782,,,,127.02016754388885,Technology,Semiconductors,Taiwan,,2017-Q3
2344 TT,WINBOND ELECTRONICS CORP,2017-09-01 00:00:00+08:00,2017,3,9,21.105876922607422,18.66750778404325,23.064566579870757,18.027936700357216,1996537209,4500000193,94976450225.16765,94.97645022516765,,,,,,,,,16.776062,2.4134421,2.2303782,,,,170.20323252013344,Technology,Semiconductors,Taiwan,,2017-Q3
2344 TT,WINBOND ELECTRONICS CORP,2017-10-01 00:00:00+08:00,2017,4,10,21.135644912719727,21.985286040046166,23.424322814176058,20.466302691906375,996557256,4500000193,95110406186.41824,95.11040618641825,,,,,,,,,16.776062,2.4134421,2.2303782,,,,175.49414052254352,Technology,Semiconductors,Taiwan,,2017-Q4
2344 TT,WINBOND ELECTRONICS CORP,2017-11-01 00:00:00+08:00,2017,4,11,23.160131454467773,21.621521431831678,24.5772729208108,20.730746306172332,1648373158,4500000193,104220596015.01035,104.22059601501034,,,,,,,,,16.776062,2.4134421,2.2303782,,,,202.49229107428718,Technology,Semiconductors,Taiwan,,2017-Q4
2344 TT,WINBOND ELECTRONICS CORP,2017-12-01 00:00:00+08:00,2017,4,12,18.98969078063965,22.714747792973682,22.714747792973682,18.625283503621716,915385625,4500000193,85453612177.88873,85.45361217788873,,,,,,,,,16.776062,2.4134421,2.2303782,,,,146.28118165687542,Technology,Semiconductors,Taiwan,,2017-Q4
2344 TT,WINBOND ELECTRONICS CORP,2018-01-01 00:00:00+08:00,2018,1,1,19.151649475097656,18.989690342813052,20.447320975326075,18.665772078243844,877676331,4500000193,86182426334.2078,86.18242633420779,,,,,,,,,16.776062,2.4134421,2.2303782,,,,93.46603345479653,Technology,Semiconductors,Taiwan,,2018-Q1
2344 TT,WINBOND ELECTRONICS CORP,2018-02-01 00:00:00+08:00,2018,1,2,16.114917755126953,19.394587780326923,19.71850603832915,14.171409765161977,934172298,4500000193,72517133008.25041,72.51713300825041,,,,,,,,,16.776062,2.4134421,2.2303782,,,,86.8795479248258,Technology,Semiconductors,Taiwan,,2018-Q1
2344 TT,WINBOND ELECTRONICS CORP,2018-03-01 00:00:00+08:00,2018,1,3,15.831490516662598,15.871979521060695,17.613039429195748,15.305122553148376,958383765,4500000193,71241710380.45937,71.24171038045937,,,,,,,,,16.776062,2.4134421,2.2303782,,,,20.415223633429846,Technology,Semiconductors,Taiwan,,2018-Q1
2344 TT,WINBOND ELECTRONICS CORP,2018-04-01 00:00:00+08:00,2018,2,4,14.819246292114258,15.952958637911209,16.276876896152732,13.442595252636165,498197018,4500000193,66686611174.62869,66.6866111746287,,,,,,,,,16.776062,2.4134421,2.2303782,,,,12.38550068415174,Technology,Semiconductors,Taiwan,,2018-Q2
2344 TT,WINBOND ELECTRONICS CORP,2018-05-01 00:00:00+08:00,2018,2,5,16.236385345458984,14.819243967021531,17.248628964621716,14.17140755218198,1228450273,4500000193,73063737188.1878,73.0637371881878,,,,,,,,,16.776062,2.4134421,2.2303782,,,,19.96646451800568,Technology,Semiconductors,Taiwan,,2018-Q2
2344 TT,WINBOND ELECTRONICS CORP,2018-06-01 00:00:00+08:00,2018,2,6,15.791001319885254,16.074429021364246,17.774998346335014,15.02169466520952,957866919,4500000193,71059508987.1469,71.0595089871469,,,,,,,,,16.776062,2.4134421,2.2303782,,,,11.880722563654466,Technology,Semiconductors,Taiwan,,2018-Q2
2344 TT,WINBOND ELECTRONICS CORP,2018-07-01 00:00:00+08:00,2018,3,7,16.155410766601562,15.791003450105643,16.357858929532934,14.45484121222245,700748429,4500000193,72699351567.70131,72.69935156770131,,,,,,,,,16.776062,2.4134421,2.2303782,,,,14.46259760639168,Technology,Semiconductors,Taiwan,,2018-Q3
2344 TT,WINBOND ELECTRONICS CORP,2018-08-01 00:00:00+08:00,2018,3,8,13.968962669372559,16.276878091803386,16.276878091803386,12.875739246526695,689774623,4500000193,62860334708.18631,62.86033470818631,,,,,,,,,16.776062,2.4134421,2.2303782,,,,-21.977171287678885,Technology,Semiconductors,Taiwan,,2018-Q3
2344 TT,WINBOND ELECTRONICS CORP,2018-09-01 00:00:00+08:00,2018,3,9,12.405778884887695,14.715819323740636,14.75859873441438,11.977993008758745,683694051,4500000193,55826007376.30995,55.82600737630995,,,,,,,,,16.776062,2.4134421,2.2303782,,,,-41.221210896007236,Technology,Semiconductors,Taiwan,,2018-Q3
2344 TT,WINBOND ELECTRONICS CORP,2018-10-01 00:00:00+08:00,2018,4,10,11.464652061462402,12.49133663276631,12.961901149086462,9.710731419481897,777652686,4500000193,51590936489.25866,51.59093648925866,,,,,,,,,16.776062,2.4134421,2.2303782,,,,-45.756790915034664,Technology,Semiconductors,Taiwan,,2018-Q4
2344 TT,WINBOND ELECTRONICS CORP,2018-11-01 00:00:00+08:00,2018,4,11,12.833565711975098,11.464651629987705,13.38968656909006,11.165201494508388,669036607,4500000193,57751048180.76612,57.75104818076612,,,,,,,,,16.776062,2.4134421,2.2303782,,,,-44.58768190843148,Technology,Semiconductors,Taiwan,,2018-Q4
2344 TT,WINBOND ELECTRONICS CORP,2018-12-01 00:00:00+08:00,2018,4,12,11.592986106872559,13.261349433294232,13.774693324830007,11.37909398473556,428092021,4500000193,52168439718.37283,52.16843971837283,,,,,,,,,16.776062,2.4134421,2.2303782,,,,-38.95115912739438,Technology,Semiconductors,Taiwan,,2018-Q4
2344 TT,WINBOND ELECTRONICS CORP,2019-01-01 00:00:00+08:00,2019,1,1,12.576894760131836,11.592987125748648,12.790786901067234,10.566301721627138,306871498,4500000193,56596028847.93395,56.59602884793395,,,,,,,,,16.776062,2.4134421,2.2303782,,,,-34.32996580015097,Technology,Semiconductors,Taiwan,,2019-Q1
2344 TT,WINBOND ELECTRONICS CORP,2019-02-01 00:00:00+08:00,2019,1,2,13.133014678955078,12.576893836467793,13.603578342127259,12.234665119207378,306861062,4500000193,59098568589.96968,59.09856858996968,,,,,,,,,16.776062,2.4134421,2.2303782,,,,-18.50399190044383,Technology,Semiconductors,Taiwan,,2019-Q1
2344 TT,WINBOND ELECTRONICS CORP,2019-03-01 00:00:00+08:00,2019,1,3,12.619672775268555,13.133015042300714,13.218572223982893,11.89243673097004,240869522,4500000193,56788529924.30534,56.788529924305344,,,,,,,,,16.776062,2.4134421,2.2303782,,,,-20.287525915602288,Technology,Semiconductors,Taiwan,,2019-Q1
2344 TT,WINBOND ELECTRONICS CORP,2019-04-01 00:00:00+08:00,2019,2,4,13.731914520263672,12.662450570019423,14.6730426977113,12.619672802148129,630294818,4500000193,61793617991.44603,61.79361799144603,,,,,,,,,16.776062,2.4134421,2.2303782,,,,-7.337294693787399,Technology,Semiconductors,Taiwan,,2019-Q2
2344 TT,WINBOND ELECTRONICS CORP,2019-05-01 00:00:00+08:00,2019,2,5,12.191886901855469,13.731914530433631,13.945807485253075,11.592986628361027,330370052,4500000193,54863493411.38378,54.86349341138378,,,,,,,,,16.776062,2.4134421,2.2303782,,,,-24.910091486185916,Technology,Semiconductors,Taiwan,,2019-Q2
2344 TT,WINBOND ELECTRONICS CORP,2019-06-01 00:00:00+08:00,2019,2,6,13.004678726196289,11.977993411985368,13.218571671461246,11.84965846788727,206895060,4500000193,58521056777.78629,58.52105677778629,,,,,,,,,16.776062,2.4134421,2.2303782,,,,-17.64500260145132,Technology,Semiconductors,Taiwan,,2019-Q2
2344 TT,WINBOND ELECTRONICS CORP,2019-07-01 00:00:00+08:00,2019,3,7,16.469741821289062,13.175793621643432,17.368091405107045,13.090236440035918,1370087313,4500000193,74113841374.46095,74.11384137446095,,,,,,,,,16.776062,2.4134421,2.2303782,,,,1.9456704582053952,Technology,Semiconductors,Taiwan,,2019-Q3
2344 TT,WINBOND ELECTRONICS CORP,2019-08-01 00:00:00+08:00,2019,3,8,15.49787425994873,16.906772396904376,17.8157377521679,15.088839937522867,859081513,4500000193,69740437160.85902,69.74043716085903,,,,,,,,,16.776062,2.4134421,2.2303782,,,,10.94506175414418,Technology,Semiconductors,Taiwan,,2019-Q3
2344 TT,WINBOND ELECTRONICS CORP,2019-09-01 00:00:00+08:00,2019,3,9,16.225046157836914,15.58876925497032,17.588494915125352,15.543321779192695,611150379,4500000193,73012710841.70003,73.01271084170003,,,,,,,,,16.776062,2.4134421,2.2303782,,,,30.786194953077263,Technology,Semiconductors,Taiwan,,2019-Q3
2344 TT,WINBOND ELECTRONICS CORP,2019-10-01 00:00:00+08:00,2019,4,10,15.588769912719727,16.315943546678053,16.588631910558085,15.36152727768058,329260172,4500000193,70149467615.87137,70.14946761587137,,,,,,,,,16.776062,2.4134421,2.2303782,,,,35.97246413713897,Technology,Semiconductors,Taiwan,,2019-Q4
2344 TT,WINBOND ELECTRONICS CORP,2019-11-01 00:00:00+08:00,2019,4,11,15.86146068572998,15.54332308205705,16.45228841348874,14.54345929374234,484238556,4500000193,71376576147.04683,71.37657614704683,,,,,,,,,16.776062,2.4134421,2.2303782,,,,23.59355958983038,Technology,Semiconductors,Taiwan,,2019-Q4
2344 TT,WINBOND ELECTRONICS CORP,2019-12-01 00:00:00+08:00,2019,4,12,17.77029037475586,15.861461193859231,18.31567064039903,15.406977639156588,881661058,4500000193,79966310116.06741,79.96631011606742,,,,,,,,,16.776062,2.4134421,2.2303782,,,,53.28484146307455,Technology,Semiconductors,Taiwan,,2019-Q4
2344 TT,WINBOND ELECTRONICS CORP,2020-01-01 00:00:00+08:00,2020,1,1,15.406978607177734,17.770291491264057,18.724706141678286,14.952496772774447,574071140,4500000193,69331406705.84668,69.33140670584667,,,,,,,,,16.776062,2.4134421,2.2303782,,,,22.502246389284664,Technology,Semiconductors,Taiwan,,2020-Q1
2344 TT,WINBOND ELECTRONICS CORP,2020-02-01 00:00:00+08:00,2020,1,2,14.54345989227295,14.270769756964658,17.815738018263467,13.90718378431418,696625118,4500000193,65445572322.11603,65.44557232211602,,,,,,,,,16.776062,2.4134421,2.2303782,,,,10.73969113563873,Technology,Semiconductors,Taiwan,,2020-Q1
2344 TT,WINBOND ELECTRONICS CORP,2020-03-01 00:00:00+08:00,2020,1,3,10.316766738891602,14.088975748605979,15.406977140126504,8.907868639374682,767836779,4500000193,46425452316.148186,46.42545231614819,,,,,,,,,16.776062,2.4134421,2.2303782,,,,-18.248540016743398,Technology,Semiconductors,Taiwan,,2020-Q1
2344 TT,WINBOND ELECTRONICS CORP,2020-04-01 00:00:00+08:00,2020,2,4,12.725526809692383,10.407662516992024,12.725526809692383,10.180421622639347,620989268,4500000193,57264873099.642395,57.264873099642394,,,,,,,,,16.776062,2.4134421,2.2303782,,,,-7.328823006334639,Technology,Semiconductors,Taiwan,,2020-Q2
2344 TT,WINBOND ELECTRONICS CORP,2020-05-01 00:00:00+08:00,2020,2,5,12.498286247253418,12.72552803796679,13.77083940082101,11.271181451828499,773855034,4500000193,56242290524.80962,56.242290524809626,,,,,,,,,16.776062,2.4134421,2.2303782,,,,2.513141303429567,Technology,Semiconductors,Taiwan,,2020-Q2
2344 TT,WINBOND ELECTRONICS CORP,2020-06-01 00:00:00+08:00,2020,2,6,12.134697914123535,12.680077232131296,12.952767328348736,11.680214420427802,633166885,4500000193,54606142955.552605,54.606142955552606,,,,,,,,,16.776062,2.4134421,2.2303782,,,,-6.689752437484575,Technology,Semiconductors,Taiwan,,2020-Q2
2344 TT,WINBOND ELECTRONICS CORP,2020-07-01 00:00:00+08:00,2020,3,7,11.907458305358887,12.225595933643042,12.861872939065897,11.543871445117256,715973710,4500000193,53583564672.25444,53.58356467225444,,,,,,,,,16.776062,2.4134421,2.2303782,,,,-27.70100202805179,Technology,Semiconductors,Taiwan,,2020-Q3
2344 TT,WINBOND ELECTRONICS CORP,2020-08-01 00:00:00+08:00,2020,3,8,11.125207901000977,11.995080069338803,12.54447269323466,10.53003160418018,604969335,4500000193,50063437701.66952,50.063437701669514,,,,,,,,,16.776062,2.4134421,2.2303782,,,,-28.214620183414883,Technology,Semiconductors,Taiwan,,2020-Q3
2344 TT,WINBOND ELECTRONICS CORP,2020-09-01 00:00:00+08:00,2020,3,9,12.773387908935547,11.170991790963733,12.864953502061008,11.03364340127554,996653721,4500000193,57480248055.47383,57.48024805547383,,,,,,,,,16.776062,2.4134421,2.2303782,,,,-21.27364209213155,Technology,Semiconductors,Taiwan,,2020-Q3
2344 TT,WINBOND ELECTRONICS CORP,2020-10-01 00:00:00+08:00,2020,4,10,15.520352363586426,12.773387335687396,17.305878706815857,12.68182262753309,2631176933,4500000193,69841588631.56693,69.84158863156692,,,,,,,,,16.776062,2.4134421,2.2303782,,,,-0.438889979878887,Technology,Semiconductors,Taiwan,,2020-Q4
2344 TT,WINBOND ELECTRONICS CORP,2020-11-01 00:00:00+08:00,2020,4,11,16.756486892700195,15.657701588967267,17.397446014216555,15.383004822603114,1891304479,4500000193,75404194251.15285,75.40419425115284,,,,,,,,,16.776062,2.4134421,2.2303782,,,,5.642772911674121,Technology,Semiconductors,Taiwan,,2020-Q4
2344 TT,WINBOND ELECTRONICS CORP,2020-12-01 00:00:00+08:00,2020,4,12,26.599775314331055,17.076965611455307,28.52265072316094,16.80226711108131,6090294192,4500000193,119698994048.24638,119.69899404824638,,,,,,,,,16.776062,2.4134421,2.2303782,,,,49.68677918802158,Technology,Semiconductors,Taiwan,,2020-Q4
2344 TT,WINBOND ELECTRONICS CORP,2021-01-01 00:00:00+08:00,2021,1,1,24.21907615661621,26.59977793612619,27.149171467577887,22.799810414561172,2769867390,4500000193,108985847379.05464,108.98584737905465,,,,,,,,,16.776062,2.4134421,2.2303782,,,,57.195494159595526,Technology,Semiconductors,Taiwan,,2021-Q1
2344 TT,WINBOND ELECTRONICS CORP,2021-02-01 00:00:00+08:00,2021,1,2,27.9732608795166,24.310640975859542,29.75878891936814,23.9901605451261,2352360547,4500000193,125879679356.66406,125.87967935666406,,,,,,,,,16.776062,2.4134421,2.2303782,,,,92.34254494268596,Technology,Semiconductors,Taiwan,,2021-Q1
2344 TT,WINBOND ELECTRONICS CORP,2021-03-01 00:00:00+08:00,2021,1,3,27.011823654174805,27.97326144226963,28.934697468640792,23.99016102774897,1718964328,4500000193,121553211657.06859,121.55321165706859,,,,,,,,,16.776062,2.4134421,2.2303782,,,,161.82450701678718,Technology,Semiconductors,Taiwan,,2021-Q1
2344 TT,WINBOND ELECTRONICS CORP,2021-04-01 00:00:00+08:00,2021,2,4,32.68888473510742,27.56121536688264,35.618980006901296,27.19495477920115,3921685844,4500000193,147099987616.93814,147.09998761693814,,,,,,,,,16.776062,2.4134421,2.2303782,,,,156.8764753236775,Technology,Semiconductors,Taiwan,,2021-Q2
2344 TT,WINBOND ELECTRONICS CORP,2021-05-01 00:00:00+08:00,2021,2,5,31.269617080688477,32.597315372692734,32.597315372692734,23.486549683436852,2493737552,4500000193,140713282898.13425,140.71328289813425,,,,,,,,,16.776062,2.4134421,2.2303782,,,,150.1912379192002,Technology,Semiconductors,Taiwan,,2021-Q2
2344 TT,WINBOND ELECTRONICS CORP,2021-06-01 00:00:00+08:00,2021,2,6,31.910573959350586,32.047921449175384,33.32983957558334,29.57565606198777,2101000876,4500000193,143597588975.81842,143.5975889758184,,,,,,,,,16.776062,2.4134421,2.2303782,,,,162.96966092752893,Technology,Semiconductors,Taiwan,,2021-Q2
2344 TT,WINBOND ELECTRONICS CORP,2021-07-01 00:00:00+08:00,2021,3,7,31.315404891967773,31.910578609081114,35.25272014018992,28.339523974334575,2514891293,4500000193,140919328057.72812,140.9193280577281,,,,,,,,,16.776062,2.4134421,2.2303782,,,,162.9898345129997,Technology,Semiconductors,Taiwan,,2021-Q3
2344 TT,WINBOND ELECTRONICS CORP,2021-08-01 00:00:00+08:00,2021,3,8,27.165475845336914,31.58561978836912,33.01295876714537,26.10648263808291,1719929488,4500000193,122244646546.95296,122.24464654695296,,,,,,,,,16.776062,2.4134421,2.2303782,,,,144.17948938188147,Technology,Semiconductors,Taiwan,,2021-Q3
2344 TT,WINBOND ELECTRONICS CORP,2021-09-01 00:00:00+08:00,2021,3,9,24.402883529663086,27.257559621768582,29.09928664718193,24.03453777023144,791661666,4500000193,109812980593.2404,109.8129805932404,,,,,,,,,16.776062,2.4134421,2.2303782,,,,91.04472285377156,Technology,Semiconductors,Taiwan,,2021-Q3
2344 TT,WINBOND ELECTRONICS CORP,2021-10-01 00:00:00+08:00,2021,4,10,24.21870994567871,24.264754050141164,24.587055694399037,21.87050845520387,666654071,4500000193,108984199429.76521,108.98419942976521,,,,,,,,,16.776062,2.4134421,2.2303782,,,,56.04484600813713,Technology,Semiconductors,Taiwan,,2021-Q4
2344 TT,WINBOND ELECTRONICS CORP,2021-11-01 00:00:00+08:00,2021,4,11,29.513675689697266,24.494969286703814,30.25036718802468,24.12662353754011,1274998052,4500000193,132811546299.7771,132.8115462997771,,,,,,,,,16.776062,2.4134421,2.2303782,,,,76.13283666610701,Technology,Semiconductors,Taiwan,,2021-Q4
2344 TT,WINBOND ELECTRONICS CORP,2021-12-01 00:00:00+08:00,2021,4,12,31.30936050415039,29.329502977318523,31.355401065433238,27.487775993059373,972312546,4500000193,140892128311.38333,140.89212831138335,,,,,,,,,16.776062,2.4134421,2.2303782,,,,17.705357034658743,Technology,Semiconductors,Taiwan,,2021-Q4
2344 TT,WINBOND ELECTRONICS CORP,2022-01-01 00:00:00+08:00,2022,1,1,27.579862594604492,31.033099603252154,31.033099603252154,26.705042316181103,585599168,4500000193,124109386998.6337,124.1093869986337,,,,,,,,,16.776062,2.4134421,2.2303782,,,,13.876608737076769,Technology,Semiconductors,Taiwan,,2022-Q1
2344 TT,WINBOND ELECTRONICS CORP,2022-02-01 00:00:00+08:00,2022,1,2,30.38849639892578,27.579862678425712,33.56547587393304,27.487776239798915,1219084934,4500000193,136748239660.14581,136.7482396601458,,,,,,,,,16.776062,2.4134421,2.2303782,,,,8.634086422072196,Technology,Semiconductors,Taiwan,,2022-Q1
2344 TT,WINBOND ELECTRONICS CORP,2022-03-01 00:00:00+08:00,2022,1,3,28.73094367980957,31.07914532196006,33.335260520982395,28.638857236681417,973361888,4500000193,129289252104.2152,129.2892521042152,,,,,,,,,16.776062,2.4134421,2.2303782,,,,6.364324185009496,Technology,Semiconductors,Taiwan,,2022-Q1
2344 TT,WINBOND ELECTRONICS CORP,2022-04-01 00:00:00+08:00,2022,2,4,25.093530654907227,28.40864068002351,28.40864068002351,23.528062967023214,866733997,4500000193,112920892790.13394,112.92089279013395,,,,,,,,,16.776062,2.4134421,2.2303782,,,,-23.235280560192628,Technology,Semiconductors,Taiwan,,2022-Q2
2344 TT,WINBOND ELECTRONICS CORP,2022-05-01 00:00:00+08:00,2022,2,5,26.98130226135254,25.09353111702529,27.119431036226416,24.541014245784904,517079640,4500000193,121415865383.47777,121.41586538347777,,,,,,,,,16.776062,2.4134421,2.2303782,,,,-13.713998506186764,Technology,Semiconductors,Taiwan,,2022-Q2
2344 TT,WINBOND ELECTRONICS CORP,2022-06-01 00:00:00+08:00,2022,2,6,19.982738494873047,26.79712991153216,26.88921635385505,19.706479167904376,418718630,4500000193,89922327083.59724,89.92232708359724,,,,,,,,,16.776062,2.4134421,2.2303782,,,,-37.37894366823944,Technology,Semiconductors,Taiwan,,2022-Q2
2344 TT,WINBOND ELECTRONICS CORP,2022-07-01 00:00:00+08:00,2022,3,7,22.13395118713379,20.460757653409427,22.372978046426,17.879261318550814,562509473,4500000193,99602784613.95464,99.60278461395464,,,,,,,,,16.776062,2.4134421,2.2303782,,,,-29.319287860106748,Technology,Semiconductors,Taiwan,,2022-Q3
2344 TT,WINBOND ELECTRONICS CORP,2022-08-01 00:00:00+08:00,2022,3,8,21.225645065307617,22.086145009920944,22.372976485232556,19.839284963210336,348444444,4500000193,95515406890.43378,95.51540689043378,,,,,,,,,16.776062,2.4134421,2.2303782,,,,-21.865366223831117,Technology,Semiconductors,Taiwan,,2022-Q3
2344 TT,WINBOND ELECTRONICS CORP,2022-09-01 00:00:00+08:00,2022,3,9,18.883176803588867,20.938812915172043,20.938812915172043,17.783649955200776,262537686,4500000193,84974299260.60303,84.97429926060303,,,,,,,,,16.776062,2.4134421,2.2303782,,,,-22.619075812760826,Technology,Semiconductors,Taiwan,,2022-Q3
2344 TT,WINBOND ELECTRONICS CORP,2022-10-01 00:00:00+08:00,2022,4,10,18.644149780273438,18.644149780273438,19.98270347255147,17.68803868610371,297140909,4500000193,83898677609.55138,83.89867760955137,,,,,,,,,16.776062,2.4134421,2.2303782,,,,-23.01757681523383,Technology,Semiconductors,Taiwan,,2022-Q4
2344 TT,WINBOND ELECTRONICS CORP,2022-11-01 00:00:00+08:00,2022,4,11,20.2695369720459,18.596343462892996,21.60809067563246,18.54853698800083,357380375,4500000193,91212920286.22717,91.21292028622717,,,,,,,,,16.776062,2.4134421,2.2303782,,,,-31.32154332399316,Technology,Semiconductors,Taiwan,,2022-Q4
2344 TT,WINBOND ELECTRONICS CORP,2022-12-01 00:00:00+08:00,2022,4,12,18.73975944519043,20.651979834282507,21.46467520123929,18.261705727587128,288863836,4500000193,84328921120.13051,84.3289211201305,,,,,,,,,16.776062,2.4134421,2.2303782,,,,-40.14646373021169,Technology,Semiconductors,Taiwan,,2022-Q4
2344 TT,WINBOND ELECTRONICS CORP,2023-01-01 00:00:00+08:00,2023,1,1,20.60417366027832,18.739758046298284,20.89100697316444,18.500731205339594,173523783,4500000193,92718785447.85796,92.71878544785795,,,,,,,,,16.776062,2.4134421,2.2303782,,,,-25.29268922351644,Technology,Semiconductors,Taiwan,,2023-Q1
2344 TT,WINBOND ELECTRONICS CORP,2023-02-01 00:00:00+08:00,2023,1,2,22.038339614868164,20.69978591960238,23.042255346207398,20.41295259071123,603968061,4500000193,99172532520.30629,99.17253252030629,,,,,,,,,16.776062,2.4134421,2.2303782,,,,-27.478018900444145,Technology,Semiconductors,Taiwan,,2023-Q1
2344 TT,WINBOND ELECTRONICS CORP,2023-03-01 00:00:00+08:00,2023,1,3,25.3369197845459,21.990534673254807,26.149613285294315,21.369063389101264,1088823399,4500000193,114016143920.48206,114.01614392048205,,,,,,,,,16.776062,2.4134421,2.2303782,,,,-11.813130585226105,Technology,Semiconductors,Taiwan,,2023-Q1
2344 TT,WINBOND ELECTRONICS CORP,2023-04-01 00:00:00+08:00,2023,2,4,24.811059951782227,25.336920134910038,26.293031231105687,23.233477562839198,639288521,4500000193,111649774571.5546,111.6497745715546,,,,,,,,,16.776062,2.4134421,2.2303782,,,,-1.1256714210910013,Technology,Semiconductors,Taiwan,,2023-Q2
2344 TT,WINBOND ELECTRONICS CORP,2023-05-01 00:00:00+08:00,2023,2,5,25.480337142944336,24.811059390741445,26.101808421638676,22.22956132894698,611606689,4500000193,114661522060.95457,114.66152206095458,,,,,,,,,16.776062,2.4134421,2.2303782,,,,-5.5629824827178815,Technology,Semiconductors,Taiwan,,2023-Q2
2344 TT,WINBOND ELECTRONICS CORP,2023-06-01 00:00:00+08:00,2023,2,6,26.245223999023438,25.480336983702763,28.396472983594258,25.05008608305288,893452860,4500000193,118103513060.9337,118.10351306093371,,,,,,,,,16.776062,2.4134421,2.2303782,,,,31.33947584690231,Technology,Semiconductors,Taiwan,,2023-Q2
2344 TT,WINBOND ELECTRONICS CORP,2023-07-01 00:00:00+08:00,2023,3,7,28.06183433532715,26.388640816754393,28.92233433219418,25.193504691556267,648676478,4500000193,126278259924.90619,126.2782599249062,,,,,,,,,16.776062,2.4134421,2.2303782,,,,26.78185696749511,Technology,Semiconductors,Taiwan,,2023-Q3
2344 TT,WINBOND ELECTRONICS CORP,2023-08-01 00:00:00+08:00,2023,3,8,25.193504333496094,28.635500592925965,28.778916337252383,23.950559911242273,557366322,4500000193,113370774363.07877,113.37077436307877,,,,,,,,,16.776062,2.4134421,2.2303782,,,,18.693704035755164,Technology,Semiconductors,Taiwan,,2023-Q3
2344 TT,WINBOND ELECTRONICS CORP,2023-09-01 00:00:00+08:00,2023,3,9,24.18958854675293,25.528142235654023,27.05791814290664,24.18958854675293,376871625,4500000193,108853153128.97878,108.85315312897878,,,,,,,,,16.776062,2.4134421,2.2303782,,,,28.10126600178602,Technology,Semiconductors,Taiwan,,2023-Q3
2344 TT,WINBOND ELECTRONICS CORP,2023-10-01 00:00:00+08:00,2023,4,10,24.950000762939453,25.279260635375977,28.84809684753418,24.600000381469727,689527151,4500000193,112275008248.57768,112.27500824857768,,,,,,,,,16.776062,2.4134421,2.2303782,,,,33.822142908001965,Technology,Semiconductors,Taiwan,,2023-Q4
2344 TT,WINBOND ELECTRONICS CORP,2023-11-01 00:00:00+08:00,2023,4,11,28.350000381469727,25.350000381469727,29.299999237060547,24.950000762939453,827422670,4500000193,127575007188.16385,127.57500718816385,,,,,,,,,16.776062,2.4134421,2.2303782,,,,39.8650616467843,Technology,Semiconductors,Taiwan,,2023-Q4
2344 TT,WINBOND ELECTRONICS CORP,2023-12-01 00:00:00+08:00,2023,4,12,30.450000762939453,28.200000762939453,31.799999237060547,26.950000762939453,1074960198,4500000193,137025009310.07768,137.02500931007768,,,,,,,,,16.776062,2.4134421,2.2303782,,,,62.48874939936575,Technology,Semiconductors,Taiwan,,2023-Q4
2344 TT,WINBOND ELECTRONICS CORP,2024-01-01 00:00:00+08:00,2024,1,1,27.200000762939453,30.450000762939453,30.950000762939453,26.799999237060547,728837032,4500000193,122400008682.82768,122.40000868282769,,,,,,,,,16.776062,2.4134421,2.2303782,,,,32.01209236251428,Technology,Semiconductors,Taiwan,,2024-Q1
2344 TT,WINBOND ELECTRONICS CORP,2024-02-01 00:00:00+08:00,2024,1,2,27.950000762939453,27.200000762939453,28.200000762939453,26.200000762939453,304075338,4500000193,125775008827.57768,125.77500882757768,,,,,,,,,16.776062,2.4134421,2.2303782,,,,26.8244398234202,Technology,Semiconductors,Taiwan,,2024-Q1
2344 TT,WINBOND ELECTRONICS CORP,2024-03-01 00:00:00+08:00,2024,1,3,27.049999237060547,27.950000762939453,28.700000762939453,26.049999237060547,640662676,4500000193,121725001787.42232,121.72500178742231,,,,,,,,,16.776062,2.4134421,2.2303782,,,,6.761198547739555,Technology,Semiconductors,Taiwan,,2024-Q1
2344 TT,WINBOND ELECTRONICS CORP,2024-04-01 00:00:00+08:00,2024,2,4,26.0,27.399999618530273,28.200000762939453,24.549999237060547,555364167,4500000193,117000005018.0,117.000005018,21483983000.0,21483.983,7111803000.0,1723022000.0,1176593000.0,5842950000.0,1.3614794451522327,,16.776062,2.4134421,2.2303782,,,,4.791976040235113,Technology,Semiconductors,Taiwan,,2024-Q2
2344 TT,WINBOND ELECTRONICS CORP,2024-05-01 00:00:00+08:00,2024,2,5,25.0,25.899999618530273,26.549999237060547,24.799999237060547,445904769,4500000193,112500004825.0,112.500004825,21483983000.0,21483.983,7111803000.0,1723022000.0,1176593000.0,5842950000.0,1.309114851107916,,16.776062,2.4134421,2.2303782,,0.0,,-1.885128678830461,Technology,Semiconductors,Taiwan,,2024-Q2
2344 TT,WINBOND ELECTRONICS CORP,2024-06-01 00:00:00+08:00,2024,2,6,25.554594039916992,25.299999237060547,27.299999237060547,23.899999618530273,691719237,4500000193,114995678111.66312,114.99567811166311,21483983000.0,21483.983,7111803000.0,1723022000.0,1176593000.0,5842950000.0,1.338155942867567,,16.776062,2.4134421,2.2303782,,0.0,,-2.631450046424233,Technology,Semiconductors,Taiwan,,2024-Q2
2344 TT,WINBOND ELECTRONICS CORP,2024-07-01 00:00:00+08:00,2024,3,7,23.149999618530273,25.554594039916992,26.700000762939453,22.100000381469727,564664406,4500000193,104175002751.33615,104.17500275133615,21312431000.0,21312.431,6246337000.0,-9437000.0,283083000.0,3532367000.0,1.2219981234348178,,16.776062,2.4134421,2.2303782,,-0.7985111513074683,,-17.503612408592083,Technology,Semiconductors,Taiwan,,2024-Q3
2344 TT,WINBOND ELECTRONICS CORP,2024-08-01 00:00:00+08:00,2024,3,8,24.049999237060547,23.5,24.399999618530273,21.399999618530273,598986238,4500000193,108225001208.42232,108.22500120842231,21312431000.0,21312.431,6246337000.0,-9437000.0,283083000.0,3532367000.0,1.269505590521587,,16.776062,2.4134421,2.2303782,,0.0,-0.7985111513074683,-4.538888601198677,Technology,Semiconductors,Taiwan,,2024-Q3
2344 TT,WINBOND ELECTRONICS CORP,2024-09-01 00:00:00+08:00,2024,3,9,21.350000381469727,24.149999618530273,24.200000762939453,20.100000381469727,488161339,4500000193,96075005837.16385,96.07500583716384,21312431000.0,21312.431,6246337000.0,-9437000.0,283083000.0,3532367000.0,1.1269831892612796,,16.776062,2.4134421,2.2303782,,0.0,-0.7985111513074683,-11.738885759858753,Technology,Semiconductors,Taiwan,,2024-Q3
2344 TT,WINBOND ELECTRONICS CORP,2024-10-01 00:00:00+08:00,2024,4,10,19.25,21.350000381469727,21.450000762939453,19.049999237060547,356945294,4500000193,86625003715.25,86.62500371525,18692003000.0,18692.003,5081240000.0,-648237000.0,-773439000.0,2719096000.0,1.1585837498962792,,16.776062,2.4134421,2.2303782,,-12.295303149603154,-12.995634934173983,-22.845693742046656,Technology,Semiconductors,Taiwan,,2024-Q4
2344 TT,WINBOND ELECTRONICS CORP,2024-11-01 00:00:00+08:00,2024,4,11,16.049999237060547,19.0,20.049999237060547,15.899999618530273,863731153,4500000193,72224999664.42232,72.22499966442231,18692003000.0,18692.003,5081240000.0,-648237000.0,-773439000.0,2719096000.0,0.9659879637353781,,16.776062,2.4134421,2.2303782,,0.0,-12.295303149603154,-43.38624683916677,Technology,Semiconductors,Taiwan,,2024-Q4
2344 TT,WINBOND ELECTRONICS CORP,2024-12-01 00:00:00+08:00,2024,4,12,14.800000190734863,16.149999618530273,16.450000762939453,14.399999618530273,572896870,4500000193,66600003714.706924,66.60000371470693,18692003000.0,18692.003,5081240000.0,-648237000.0,-773439000.0,2719096000.0,0.8907553101011556,,16.776062,2.4134421,2.2303782,,0.0,-12.295303149603154,-51.395731297491885,Technology,Semiconductors,Taiwan,,2024-Q4
2344 TT,WINBOND ELECTRONICS CORP,2025-01-01 00:00:00+08:00,2025,1,1,14.350000381469727,14.600000381469727,15.550000190734863,13.199999809265137,308034051,4500000193,64575004486.16384,64.57500448616383,19992617000.0,19992.617,5121768000.0,-1091142000.0,-946549000.0,2434504000.0,0.8074856394008328,,16.776062,2.4134421,2.2303782,,6.958130704344523,-6.192695708903406,-47.242647136165196,Technology,Semiconductors,Taiwan,,2025-Q1
2344 TT,WINBOND ELECTRONICS CORP,2025-02-01 00:00:00+08:00,2025,1,2,18.700000762939453,14.600000381469727,19.649999618530273,13.899999618530273,2057498748,4500000193,84150007042.32768,84.15000704232769,19992617000.0,19992.617,5121768000.0,-1091142000.0,-946549000.0,2434504000.0,1.052263531111606,,16.776062,2.4134421,2.2303782,,0.0,6.958130704344523,-33.09481126120439,Technology,Semiconductors,Taiwan,,2025-Q1
2344 TT,WINBOND ELECTRONICS CORP,2025-03-01 00:00:00+08:00,2025,1,3,17.549999237060547,18.399999618530273,22.100000381469727,17.350000381469727,2504597372,4500000193,78974999953.92232,78.97499995392232,19992617000.0,19992.617,5121768000.0,-1091142000.0,-946549000.0,2434504000.0,0.9875520542648608,,16.776062,2.4134421,2.2303782,,0.0,6.958130704344523,-35.12014886486311,Technology,Semiconductors,Taiwan,,2025-Q1
2344 TT,WINBOND ELECTRONICS CORP,2025-04-01 00:00:00+08:00,2025,2,4,15.75,17.950000762939453,18.850000381469727,13.600000381469727,1284466081,4500000193,70875003039.75,70.87500303975,21017957000.0,21017.957,4762616000.0,-1312433000.0,-1270073000.0,1741290000.0,0.8430291659621104,,16.776062,2.4134421,2.2303782,,5.128593220187239,12.443578144086542,-39.42307692307693,Technology,Semiconductors,Taiwan,,2025-Q2
2344 TT,WINBOND ELECTRONICS CORP,2025-05-01 00:00:00+08:00,2025,2,5,17.700000762939453,16.0,18.899999618530273,15.25,1264151307,4500000193,79650006849.32768,79.65000684932768,21017957000.0,21017.957,4762616000.0,-1312433000.0,-1270073000.0,1741290000.0,0.947404246394258,,16.776062,2.4134421,2.2303782,,0.0,5.128593220187239,-29.19999694824219,Technology,Semiconductors,Taiwan,,2025-Q2
2344 TT,WINBOND ELECTRONICS CORP,2025-06-01 00:00:00+08:00,2025,2,6,20.149999618530273,17.5,21.700000762939453,16.700000762939453,2080369348,4500000193,90675002172.33615,90.67500217233615,21017957000.0,21017.957,4762616000.0,-1312433000.0,-1270073000.0,1741290000.0,1.0785420553997727,,16.776062,2.4134421,2.2303782,,0.0,5.128593220187239,-21.14920868218291,Technology,Semiconductors,Taiwan,,2025-Q2
2344 TT,WINBOND ELECTRONICS CORP,2025-07-01 00:00:00+08:00,2025,3,7,17.350000381469727,20.149999618530273,20.450000762939453,17.149999618530273,791012440,4500000193,78075005065.16385,78.07500506516385,,,,,,,,,16.776062,2.4134421,2.2303782,,0.0,5.128593220187239,-25.053992797554827,Technology,Semiconductors,Taiwan,,2025-Q3
2344 TT,WINBOND ELECTRONICS CORP,2025-08-01 00:00:00+08:00,2025,3,8,19.700000762939453,17.399999618530273,20.549999237060547,16.5,1063966579,4500000193,88650007235.32768,88.65000723532768,,,,,,,,,16.776062,2.4134421,2.2303782,,0.0,0.0,-18.087312316492042,Technology,Semiconductors,Taiwan,,2025-Q3
2344 TT,WINBOND ELECTRONICS CORP,2025-09-01 00:00:00+08:00,2025,3,9,34.04999923706055,19.700000762939453,36.849998474121094,19.600000381469727,7009577103,4500000193,153225003138.4223,153.2250031384223,,,,,,,,,16.776062,2.4134421,2.2303782,,0.0,0.0,59.48477109449377,Technology,Semiconductors,Taiwan,,2025-Q3
2344 TT,WINBOND ELECTRONICS CORP,2025-10-01 00:00:00+08:00,2025,4,10,43.45000076293945,33.400001525878906,44.349998474121094,33.20000076293945,2658945057,4500000193,195525011819.0777,195.5250118190777,,,,,,,,,16.776062,2.4134421,2.2303782,,0.0,0.0,125.71428967760755,Technology,Semiconductors,Taiwan,,2025-Q4
