ticker,company_name,date,year,quarter,month,close_price,open_price,high_price,low_price,volume,shares_outstanding,market_cap,market_cap_billions,revenue,revenue_millions,gross_profit,net_income,operating_income,ebitda,ps_ratio,current_pe,forward_pe,current_ps,current_pb,peg_ratio,revenue_qoq_pct,revenue_yoy_pct,market_cap_yoy_pct,sector,industry,country,employees,year_quarter
2353 TT,ACER INC,2015-01-01 00:00:00+08:00,2015,1,1,13.557913780212402,13.843326882035479,13.919021200680652,13.131151603553747,271824000,3006208000,40757908869.384766,40.757908869384764,,,,,,,,19.966667,12.584033,0.33774227,1.3152695,,,,,Technology,Computer Hardware,Taiwan,,2015-Q1
2353 TT,ACER INC,2015-02-01 00:00:00+08:00,2015,1,2,13.492255210876465,13.525083835024923,13.656394574766855,12.967009747340803,187965000,3006208000,40560525552.978516,40.56052555297852,,,,,,,,19.966667,12.584033,0.33774227,1.3152695,,,,,Technology,Computer Hardware,Taiwan,,2015-Q1
2353 TT,ACER INC,2015-03-01 00:00:00+08:00,2015,1,3,13.26246166229248,13.59074040391077,14.542748003233397,13.22963303676024,362021000,3006208000,39869718348.87695,39.86971834887695,,,,,,,,19.966667,12.584033,0.33774227,1.3152695,,,,,Technology,Computer Hardware,Taiwan,,2015-Q1
2353 TT,ACER INC,2015-04-01 00:00:00+08:00,2015,2,4,13.196805953979492,13.26246195420507,13.72205145121603,12.967010579331989,195832000,3006208000,39672343633.30078,39.672343633300784,,,,,,,,19.966667,12.584033,0.33774227,1.3152695,,,,,Technology,Computer Hardware,Taiwan,,2015-Q2
2353 TT,ACER INC,2015-05-01 00:00:00+08:00,2015,2,5,12.047830581665039,13.196806226330672,13.328116977207731,11.55541244823691,204442000,3006208000,36218284677.24609,36.218284677246096,,,,,,,,19.966667,12.584033,0.33774227,1.3152695,,,,,Technology,Computer Hardware,Taiwan,,2015-Q2
2353 TT,ACER INC,2015-06-01 00:00:00+08:00,2015,2,6,9.815534591674805,12.015001861583283,12.015001861583283,9.684223215673736,320412000,3006208000,29507538613.76953,29.50753861376953,,,,,,,,19.966667,12.584033,0.33774227,1.3152695,,,,,Technology,Computer Hardware,Taiwan,,2015-Q2
2353 TT,ACER INC,2015-07-01 00:00:00+08:00,2015,3,7,8.60090446472168,9.848363604120047,10.30795378041723,8.436765071319678,272876000,3006208000,25856107809.08203,25.85610780908203,,,,,,,,19.966667,12.584033,0.33774227,1.3152695,,,,,Technology,Computer Hardware,Taiwan,,2015-Q3
2353 TT,ACER INC,2015-08-01 00:00:00+08:00,2015,3,8,7.878688812255859,8.699385563532513,8.797868923228938,6.112549679010954,390293000,3006208000,23684977336.914062,23.684977336914063,,,,,,,,19.966667,12.584033,0.33774227,1.3152695,,,,,Technology,Computer Hardware,Taiwan,,2015-Q3
2353 TT,ACER INC,2015-09-01 00:00:00+08:00,2015,3,9,8.469592094421387,7.878690553375083,9.355945032132912,7.878690553375083,341025000,3006208000,25461355510.98633,25.46135551098633,,,,,,,,19.966667,12.584033,0.33774227,1.3152695,,,,,Technology,Computer Hardware,Taiwan,,2015-Q3
2353 TT,ACER INC,2015-10-01 00:00:00+08:00,2015,4,10,9.060494422912598,8.53524825144162,9.749879983834376,8.436764868227971,237153000,3006208000,27237730818.115234,27.237730818115235,,,,,,,,19.966667,12.584033,0.33774227,1.3152695,,,,,Technology,Computer Hardware,Taiwan,,2015-Q4
2353 TT,ACER INC,2015-11-01 00:00:00+08:00,2015,4,11,7.944345951080322,9.060493568914726,9.487255690805462,7.550411203071935,249039000,3006208000,23882356352.905273,23.882356352905273,,,,,,,,19.966667,12.584033,0.33774227,1.3152695,,,,,Technology,Computer Hardware,Taiwan,,2015-Q4
2353 TT,ACER INC,2015-12-01 00:00:00+08:00,2015,4,12,7.944345951080322,8.010001324987039,8.30545207292232,6.7297143331728115,248655000,3006208000,23882356352.905273,23.882356352905273,,,,,,,,19.966667,12.584033,0.33774227,1.3152695,,,,,Technology,Computer Hardware,Taiwan,,2015-Q4
2353 TT,ACER INC,2016-01-01 00:00:00+08:00,2016,1,1,7.517582893371582,7.944345623824463,7.977172996354535,6.631230686077742,214990000,3006208000,22599417834.716797,22.599417834716796,,,,,,,,19.966667,12.584033,0.33774227,1.3152695,,,,-44.55206741067054,Technology,Computer Hardware,Taiwan,,2016-Q1
2353 TT,ACER INC,2016-02-01 00:00:00+08:00,2016,1,2,7.780206680297852,7.51758330276146,8.01000143123241,7.189304550447491,121038000,3006208000,23388919563.964844,23.388919563964844,,,,,,,,19.966667,12.584033,0.33774227,1.3152695,,,,-42.33575811680451,Technology,Computer Hardware,Taiwan,,2016-Q1
2353 TT,ACER INC,2016-03-01 00:00:00+08:00,2016,1,3,8.10848617553711,7.780207393145195,8.633731726450502,7.714551386209978,290408000,3006208000,24375796008.789062,24.375796008789063,,,,,,,,19.966667,12.584033,0.33774227,1.3152695,,,,-38.861378965633754,Technology,Computer Hardware,Taiwan,,2016-Q1
2353 TT,ACER INC,2016-04-01 00:00:00+08:00,2016,2,4,7.550411224365234,8.1084853479273,8.141312721902226,7.5504112243652335,119785000,3006208000,22698106625.976562,22.698106625976564,,,,,,,,19.966667,12.584033,0.33774227,1.3152695,,,,-42.786070730331446,Technology,Computer Hardware,Taiwan,,2016-Q2
2353 TT,ACER INC,2016-05-01 00:00:00+08:00,2016,2,5,8.403936386108398,7.550411484384365,8.469591762461297,6.828197961508174,259765000,3006208000,25263980795.410156,25.263980795410156,,,,,,,,19.966667,12.584033,0.33774227,1.3152695,,,,-30.24523104684168,Technology,Computer Hardware,Taiwan,,2016-Q2
2353 TT,ACER INC,2016-06-01 00:00:00+08:00,2016,2,6,9.914017677307129,8.403935427459146,10.636231117799372,8.403935427459146,866217000,3006208000,29803599253.66211,29.80359925366211,,,,,,,,19.966667,12.584033,0.33774227,1.3152695,,,,1.0033389899706036,Technology,Computer Hardware,Taiwan,,2016-Q2
2353 TT,ACER INC,2016-07-01 00:00:00+08:00,2016,3,7,9.979673385620117,9.946845387000769,10.537746857581054,9.618566653091278,597533000,3006208000,30000973969.23828,30.00097396923828,,,,,,,,19.966667,12.584033,0.33774227,1.3152695,,,,16.030510820736723,Technology,Computer Hardware,Taiwan,,2016-Q3
2353 TT,ACER INC,2016-08-01 00:00:00+08:00,2016,3,8,9.701730728149414,10.380173427362474,10.651550248242346,9.362509378542885,334033000,3006208000,29165420528.808594,29.165420528808593,,,,,,,,19.966667,12.584033,0.33774227,1.3152695,,,,23.138899877066898,Technology,Computer Hardware,Taiwan,,2016-Q3
2353 TT,ACER INC,2016-09-01 00:00:00+08:00,2016,3,9,9.905264854431152,9.735654159300573,10.448018561238237,9.633887354014153,247270000,3006208000,29777286447.509766,29.777286447509766,,,,,,,,19.966667,12.584033,0.33774227,1.3152695,,,,16.950907954060646,Technology,Computer Hardware,Taiwan,,2016-Q3
2353 TT,ACER INC,2016-10-01 00:00:00+08:00,2016,4,10,9.837420463562012,9.973108892277414,10.142719589925036,9.599965228049957,129828000,3006208000,29573332096.92383,29.573332096923828,,,,,,,,19.966667,12.584033,0.33774227,1.3152695,,,,8.574874663403431,Technology,Computer Hardware,Taiwan,,2016-Q4
2353 TT,ACER INC,2016-11-01 00:00:00+08:00,2016,4,11,9.158976554870605,9.837419262638798,9.871341527429886,8.616222259253375,179046000,3006208000,27533788591.064453,27.533788591064454,,,,,,,,19.966667,12.584033,0.33774227,1.3152695,,,,15.289246103703613,Technology,Computer Hardware,Taiwan,,2016-Q4
2353 TT,ACER INC,2016-12-01 00:00:00+08:00,2016,4,12,8.887598991394043,9.125053531155972,9.328586455961434,8.582299280679186,140914000,3006208000,26717971188.720703,26.717971188720703,,,,,,,,19.966667,12.584033,0.33774227,1.3152695,,,,11.873262394690286,Technology,Computer Hardware,Taiwan,,2016-Q4
2353 TT,ACER INC,2017-01-01 00:00:00+08:00,2017,1,1,9.769575119018555,8.887600081686847,9.973108068792568,8.819755549424372,158774000,3006208000,29369374879.39453,29.36937487939453,,,,,,,,19.966667,12.584033,0.33774227,1.3152695,,,,29.956333805545455,Technology,Computer Hardware,Taiwan,,2017-Q1
2353 TT,ACER INC,2017-02-01 00:00:00+08:00,2017,1,2,10.007030487060547,9.769575267545267,10.481940279077685,9.701731381264775,203524000,3006208000,30083215106.445312,30.083215106445312,,,,,,,,19.966667,12.584033,0.33774227,1.3152695,,,,28.621653617528906,Technology,Computer Hardware,Taiwan,,2017-Q1
2353 TT,ACER INC,2017-03-01 00:00:00+08:00,2017,1,3,9.769575119018555,9.973108068792568,10.074874867186281,9.599964435375778,149163000,3006208000,29369374879.39453,29.36937487939453,,,,,,,,19.966667,12.584033,0.33774227,1.3152695,,,,20.48580841751777,Technology,Computer Hardware,Taiwan,,2017-Q1
2353 TT,ACER INC,2017-04-01 00:00:00+08:00,2017,2,4,9.667807579040527,9.769573715804047,9.973106636344406,9.396430782995594,103575000,3006208000,29063440486.572266,29.063440486572265,,,,,,,,19.966667,12.584033,0.33774227,1.3152695,,,,28.04345739265748,Technology,Computer Hardware,Taiwan,,2017-Q2
2353 TT,ACER INC,2017-05-01 00:00:00+08:00,2017,2,5,11.194305419921875,9.667809226296164,11.601371330360768,9.667809226296164,295945000,3006208000,33652410507.8125,33.6524105078125,,,,,,,,19.966667,12.584033,0.33774227,1.3152695,,,,33.20311941468192,Technology,Computer Hardware,Taiwan,,2017-Q2
2353 TT,ACER INC,2017-06-01 00:00:00+08:00,2017,2,6,10.821161270141602,11.296071045421115,11.39783719476194,10.515862175105728,192195000,3006208000,32530661579.589844,32.53066157958985,,,,,,,,19.966667,12.584033,0.33774227,1.3152695,,,,9.150110705480131,Technology,Computer Hardware,Taiwan,,2017-Q2
2353 TT,ACER INC,2017-07-01 00:00:00+08:00,2017,3,7,10.074874877929688,10.821161498545665,10.922928297047896,10.007030345594867,139231000,3006208000,30287169457.03125,30.28716945703125,,,,,,,,19.966667,12.584033,0.33774227,1.3152695,,,,0.9539539885819126,Technology,Computer Hardware,Taiwan,,2017-Q3
2353 TT,ACER INC,2017-08-01 00:00:00+08:00,2017,3,8,10.312328338623047,10.074873795001514,10.346250601144222,9.59996341373176,165479997,3006208000,31001003950.195312,31.00100395019531,,,,,,,,19.966667,12.584033,0.33774227,1.3152695,,,,6.293697769842166,Technology,Computer Hardware,Taiwan,,2017-Q3
2353 TT,ACER INC,2017-09-01 00:00:00+08:00,2017,3,9,10.27840805053711,10.448018748711078,11.262150617556902,10.108797352363142,293036600,3006208000,30899032508.789062,30.899032508789062,,,,,,,,19.966667,12.584033,0.33774227,1.3152695,,,,3.767119825564591,Technology,Computer Hardware,Taiwan,,2017-Q3
2353 TT,ACER INC,2017-10-01 00:00:00+08:00,2017,4,10,10.583706855773926,10.414096173130199,10.9568498399794,10.244485490486472,150753113,3006208000,31816824219.48242,31.81682421948242,,,,,,,,19.966667,12.584033,0.33774227,1.3152695,,,,7.586200010217858,Technology,Computer Hardware,Taiwan,,2017-Q4
2353 TT,ACER INC,2017-11-01 00:00:00+08:00,2017,4,11,13.908079147338867,10.61763089513864,15.027509649172917,10.515864721158657,1004913101,3006208000,41810578797.36328,41.810578797363284,,,,,,,,19.966667,12.584033,0.33774227,1.3152695,,,,51.851891573439616,Technology,Computer Hardware,Taiwan,,2017-Q4
2353 TT,ACER INC,2017-12-01 00:00:00+08:00,2017,4,12,16.384389877319336,14.009840582228803,16.89322186912445,13.161787262553613,715914772,3006208000,49254883924.31641,49.25488392431641,,,,,,,,19.966667,12.584033,0.33774227,1.3152695,,,,84.35113795283198,Technology,Computer Hardware,Taiwan,,2017-Q4
2353 TT,ACER INC,2018-01-01 00:00:00+08:00,2018,1,1,18.758941650390625,16.38439204163164,22.897442655890224,15.943404515953194,1832221917,3006208000,56393280460.9375,56.3932804609375,,,,,,,,19.966667,12.584033,0.33774227,1.3152695,,,,92.01389437983192,Technology,Computer Hardware,Taiwan,,2018-Q1
2353 TT,ACER INC,2018-02-01 00:00:00+08:00,2018,1,2,16.68968963623047,18.928549888762195,18.962472798059146,15.773791789639608,650361321,3006208000,50172678501.953125,50.17267850195312,,,,,,,,19.966667,12.584033,0.33774227,1.3152695,,,,66.77964215069439,Technology,Computer Hardware,Taiwan,,2018-Q1
2353 TT,ACER INC,2018-03-01 00:00:00+08:00,2018,1,3,16.757537841796875,16.655770385578226,18.555411020606588,16.350471899003157,979934907,3006208000,50376644320.3125,50.3766443203125,,,,,,,,19.966667,12.584033,0.33774227,1.3152695,,,,71.52780584259766,Technology,Computer Hardware,Taiwan,,2018-Q1
2353 TT,ACER INC,2018-04-01 00:00:00+08:00,2018,2,4,15.468493461608887,16.757535661765285,16.893223429026577,14.79005074322206,418407862,3006208000,46501508792.23633,46.50150879223633,,,,,,,,19.966667,12.584033,0.33774227,1.3152695,,,,60.00001381020497,Technology,Computer Hardware,Taiwan,,2018-Q2
2353 TT,ACER INC,2018-05-01 00:00:00+08:00,2018,2,5,16.65576934814453,15.468494510463401,17.469901183022344,14.450830363879575,686430021,3006208000,50070707060.546875,50.07070706054687,,,,,,,,19.966667,12.584033,0.33774227,1.3152695,,,,48.78787672259859,Technology,Computer Hardware,Taiwan,,2018-Q2
2353 TT,ACER INC,2018-06-01 00:00:00+08:00,2018,2,6,16.893226623535156,16.75753883061531,19.335621130389804,16.418317407275136,640878017,3006208000,50784553021.484375,50.78455302148438,,,,,,,,19.966667,12.584033,0.33774227,1.3152695,,,,56.11288106525094,Technology,Computer Hardware,Taiwan,,2018-Q2
2353 TT,ACER INC,2018-07-01 00:00:00+08:00,2018,3,7,16.96106719970703,17.028911727311204,17.74127603208821,15.332805007340502,315113716,3006208000,50988495904.296875,50.988495904296876,,,,,,,,19.966667,12.584033,0.33774227,1.3152695,,,,68.35015228687789,Technology,Computer Hardware,Taiwan,,2018-Q3
2353 TT,ACER INC,2018-08-01 00:00:00+08:00,2018,3,8,17.971294403076172,17.48180337507186,18.285966063574012,16.013331624814672,320385836,3006208000,54025449004.88281,54.025449004882816,,,,,,,,19.966667,12.584033,0.33774227,1.3152695,,,,74.26999813192322,Technology,Computer Hardware,Taiwan,,2018-Q3
2353 TT,ACER INC,2018-09-01 00:00:00+08:00,2018,3,9,17.6566219329834,17.971294936578488,18.251003532132017,16.78253173828125,255278863,3006208000,53079478107.91016,53.079478107910155,,,,,,,,19.966667,12.584033,0.33774227,1.3152695,,,,71.78362491709728,Technology,Computer Hardware,Taiwan,,2018-Q3
2353 TT,ACER INC,2018-10-01 00:00:00+08:00,2018,4,10,15.174203872680664,17.691582161484607,17.971292045801114,14.405004358321426,326728641,3006208000,45616813075.68359,45.616813075683595,,,,,,,,19.966667,12.584033,0.33774227,1.3152695,,,,43.37324417108548,Technology,Computer Hardware,Taiwan,,2018-Q4
2353 TT,ACER INC,2018-11-01 00:00:00+08:00,2018,4,11,13.91551685333252,15.279098210159667,16.22311596998185,13.076390993078503,336274512,3006208000,41832938088.62305,41.832938088623045,,,,,,,,19.966667,12.584033,0.33774227,1.3152695,,,,0.05347759323814927,Technology,Computer Hardware,Taiwan,,2018-Q4
2353 TT,ACER INC,2018-12-01 00:00:00+08:00,2018,4,12,13.600842475891113,14.125296535366262,14.335077625654064,13.041424012197567,166439280,3006208000,40886961457.76367,40.886961457763675,,,,,,,,19.966667,12.584033,0.33774227,1.3152695,,,,-16.98902078301643,Technology,Computer Hardware,Taiwan,,2018-Q4
2353 TT,ACER INC,2019-01-01 00:00:00+08:00,2019,1,1,13.635807037353516,13.600843963067746,14.020406189520145,11.992517204562319,163351084,3006208000,40992072202.14844,40.992072202148435,,,,,,,,19.966667,12.584033,0.33774227,1.3152695,,,,-27.31036061904072,Technology,Computer Hardware,Taiwan,,2019-Q1
2353 TT,ACER INC,2019-02-01 00:00:00+08:00,2019,1,2,14.23019027709961,13.635808609424776,14.719680042312573,13.530918040718852,132927410,3006208000,42778911852.53906,42.77891185253906,,,,,,,,19.966667,12.584033,0.33774227,1.3152695,,,,-14.736639282924147,Technology,Computer Hardware,Taiwan,,2019-Q1
2353 TT,ACER INC,2019-03-01 00:00:00+08:00,2019,1,3,13.810625076293945,14.230188636502135,14.684715270996094,13.670770111639285,144503778,3006208000,41517611589.35547,41.51761158935547,,,,,,,,19.966667,12.584033,0.33774227,1.3152695,,,,-17.58559517110384,Technology,Computer Hardware,Taiwan,,2019-Q1
2353 TT,ACER INC,2019-04-01 00:00:00+08:00,2019,2,4,14.64975357055664,13.88055386033244,15.558806924795112,13.845589449011936,204235296,3006208000,44040206381.83594,44.04020638183594,,,,,,,,19.966667,12.584033,0.33774227,1.3152695,,,,-5.29295172205535,Technology,Computer Hardware,Taiwan,,2019-Q2
2353 TT,ACER INC,2019-05-01 00:00:00+08:00,2019,2,5,13.321133613586426,14.64975173463137,14.754642287936036,12.761716440124369,151821904,3006208000,40046098438.23242,40.04609843823242,,,,,,,,19.966667,12.584033,0.33774227,1.3152695,,,,-20.020904857988963,Technology,Computer Hardware,Taiwan,,2019-Q2
2353 TT,ACER INC,2019-06-01 00:00:00+08:00,2019,2,6,13.460989952087402,13.181281336717282,13.84558913150183,13.076390772672973,95563121,3006208000,40466535681.884766,40.466535681884764,,,,,,,,19.966667,12.584033,0.33774227,1.3152695,,,,-20.317235705972603,Technology,Computer Hardware,Taiwan,,2019-Q2
2353 TT,ACER INC,2019-07-01 00:00:00+08:00,2019,3,7,13.251206398010254,13.670768577375389,13.775660455972313,13.076388378689568,129174722,3006208000,39835882683.34961,39.83588268334961,,,,,,,,19.966667,12.584033,0.33774227,1.3152695,,,,-21.87280291985906,Technology,Computer Hardware,Taiwan,,2019-Q3
2353 TT,ACER INC,2019-08-01 00:00:00+08:00,2019,3,8,12.527273178100586,13.729017076253648,13.801850334452377,11.944608501689595,167449670,3006208000,37659588846.19141,37.659588846191404,,,,,,,,19.966667,12.584033,0.33774227,1.3152695,,,,-30.292872081844724,Technology,Computer Hardware,Taiwan,,2019-Q3
2353 TT,ACER INC,2019-09-01 00:00:00+08:00,2019,3,9,12.96427059173584,12.527273799233786,13.765433693287813,12.418023211929347,176322555,3006208000,38973293967.041016,38.973293967041016,,,,,,,,19.966667,12.584033,0.33774227,1.3152695,,,,-26.575589368439868,Technology,Computer Hardware,Taiwan,,2019-Q3
2353 TT,ACER INC,2019-10-01 00:00:00+08:00,2019,4,10,12.96427059173584,12.96427059173584,13.328435511606834,12.600105671864846,120482771,3006208000,38973293967.041016,38.973293967041016,,,,,,,,19.966667,12.584033,0.33774227,1.3152695,,,,-14.563751083663401,Technology,Computer Hardware,Taiwan,,2019-Q4
2353 TT,ACER INC,2019-11-01 00:00:00+08:00,2019,4,11,13.07352066040039,12.964270077430035,13.692599888278439,12.89143820768829,170371377,3006208000,39301722397.46094,39.301722397460935,,,,,,,,19.966667,12.584033,0.33774227,1.3152695,,,,-6.050771967772695,Technology,Computer Hardware,Taiwan,,2019-Q4
2353 TT,ACER INC,2019-12-01 00:00:00+08:00,2019,4,12,13.000686645507812,13.146351765699947,13.583349904633925,12.891437458069015,159992744,3006208000,39082768199.21875,39.08276819921875,,,,,,,,19.966667,12.584033,0.33774227,1.3152695,,,,-4.412637168963163,Technology,Computer Hardware,Taiwan,,2019-Q4
2353 TT,ACER INC,2020-01-01 00:00:00+08:00,2020,1,1,12.3087739944458,13.000687896784086,13.401268752340616,12.053858273101227,129422336,3006208000,37002734852.29492,37.00273485229492,,,,,,,,19.966667,12.584033,0.33774227,1.3152695,,,,-9.7319728804645,Technology,Computer Hardware,Taiwan,,2020-Q1
2353 TT,ACER INC,2020-02-01 00:00:00+08:00,2020,1,2,11.908193588256836,12.017442790333162,13.109937589454358,11.726111121736636,139595141,3006208000,35798506830.56641,35.7985068305664,,,,,,,,19.966667,12.584033,0.33774227,1.3152695,,,,-16.317397333607843,Technology,Computer Hardware,Taiwan,,2020-Q1
2353 TT,ACER INC,2020-03-01 00:00:00+08:00,2020,1,3,11.361946105957031,11.616861140475292,12.090275966734033,9.322622356863528,435802312,3006208000,34156373279.296875,34.15637327929687,,,,,,,,19.966667,12.584033,0.33774227,1.3152695,,,,-17.730399289023435,Technology,Computer Hardware,Taiwan,,2020-Q1
2353 TT,ACER INC,2020-04-01 00:00:00+08:00,2020,2,4,12.126691818237305,11.471195226015091,12.308774282142306,10.924947834300086,306435503,3006208000,36455357957.51953,36.45535795751953,,,,,,,,19.966667,12.584033,0.33774227,1.3152695,,,,-17.22255422364397,Technology,Computer Hardware,Taiwan,,2020-Q2
2353 TT,ACER INC,2020-05-01 00:00:00+08:00,2020,2,5,11.908193588256836,12.126691992409485,12.126691992409485,11.5076120229945,216621157,3006208000,35798506830.56641,35.7985068305664,,,,,,,,19.966667,12.584033,0.33774227,1.3152695,,,,-10.606755147989144,Technology,Computer Hardware,Taiwan,,2020-Q2
2353 TT,ACER INC,2020-06-01 00:00:00+08:00,2020,2,6,13.037103652954102,12.017442170839836,13.255603435022167,11.981026235084608,245425974,3006208000,39192245298.33984,39.19224529833984,,,,,,,,19.966667,12.584033,0.33774227,1.3152695,,,,-3.148997961086575,Technology,Computer Hardware,Taiwan,,2020-Q2
2353 TT,ACER INC,2020-07-01 00:00:00+08:00,2020,3,7,14.78509521484375,13.073521200043492,15.768340777910849,12.527273819359428,780301293,3006208000,44447071515.625,44.447071515625,,,,,,,,19.966667,12.584033,0.33774227,1.3152695,,,,11.57546543885859,Technology,Computer Hardware,Taiwan,,2020-Q3
2353 TT,ACER INC,2020-08-01 00:00:00+08:00,2020,3,8,17.77804946899414,15.570069347537277,18.72976516377752,15.303588662557349,998228195,3006208000,53444514538.08594,53.44451453808594,,,,,,,,19.966667,12.584033,0.33774227,1.3152695,,,,41.914758433404664,Technology,Computer Hardware,Taiwan,,2020-Q3
2353 TT,ACER INC,2020-09-01 00:00:00+08:00,2020,3,9,18.88204002380371,17.816118667205643,20.32864913511858,17.62577551594874,787414555,3006208000,56763339775.87891,56.763339775878904,,,,,,,,19.966667,12.584033,0.33774227,1.3152695,,,,45.646759608984034,Technology,Computer Hardware,Taiwan,,2020-Q3
2353 TT,ACER INC,2020-10-01 00:00:00+08:00,2020,4,10,18.158735275268555,18.88203831319575,19.529205259280086,17.625773919151367,559207101,3006208000,54588935254.39453,54.58893525439453,,,,,,,,19.966667,12.584033,0.33774227,1.3152695,,,,40.067542919413924,Technology,Computer Hardware,Taiwan,,2020-Q4
2353 TT,ACER INC,2020-11-01 00:00:00+08:00,2020,4,11,17.625774383544922,18.196803800628686,18.349078892732184,16.902471326560562,545460232,3006208000,52986743958.00781,52.986743958007814,,,,,,,,19.966667,12.584033,0.33774227,1.3152695,,,,34.820411742135214,Technology,Computer Hardware,Taiwan,,2020-Q4
2353 TT,ACER INC,2020-12-01 00:00:00+08:00,2020,4,12,18.0064640045166,17.625777655786006,19.26272866488694,17.397366427428917,551257288,3006208000,54131176142.08984,54.13117614208984,,,,,,,,19.966667,12.584033,0.33774227,1.3152695,,,,38.503945949181514,Technology,Computer Hardware,Taiwan,,2020-Q4
2353 TT,ACER INC,2021-01-01 00:00:00+08:00,2021,1,1,20.595129013061523,18.006462367479756,22.308217426605744,17.701913606623613,1193690511,3006208000,61913241600.09766,61.913241600097656,,,,,,,,19.966667,12.584033,0.33774227,1.3152695,,,,67.3207179070381,Technology,Computer Hardware,Taiwan,,2021-Q1
2353 TT,ACER INC,2021-02-01 00:00:00+08:00,2021,1,2,20.442855834960938,20.595129492834772,21.318434087395495,19.262727362372555,631120369,3006208000,61455476753.90625,61.45547675390625,,,,,,,,19.966667,12.584033,0.33774227,1.3152695,,,,71.67050303179894,Technology,Computer Hardware,Taiwan,,2021-Q1
2353 TT,ACER INC,2021-03-01 00:00:00+08:00,2021,1,3,23.945167541503906,20.442853482577963,24.706540099870292,19.90989211084033,912343326,3006208000,71984154224.60938,71.98415422460937,,,,,,,,19.966667,12.584033,0.33774227,1.3152695,,,,110.74882170889309,Technology,Computer Hardware,Taiwan,,2021-Q1
2353 TT,ACER INC,2021-04-01 00:00:00+08:00,2021,2,4,26.11507797241211,24.249716089927183,27.295204848020877,23.67868667549657,573884785,3006208000,78507356321.28906,78.50735632128907,,,,,,,,19.966667,12.584033,0.33774227,1.3152695,,,,115.35203799883575,Technology,Computer Hardware,Taiwan,,2021-Q2
2353 TT,ACER INC,2021-05-01 00:00:00+08:00,2021,2,5,24.287784576416016,25.96280335108437,27.02872610574951,20.823539980363094,953909967,3006208000,73014132295.89844,73.01413229589843,,,,,,,,19.966667,12.584033,0.33774227,1.3152695,,,,103.95859704839876,Technology,Computer Hardware,Taiwan,,2021-Q2
2353 TT,ACER INC,2021-06-01 00:00:00+08:00,2021,2,6,22.308218002319336,24.40199278401905,24.668474953424525,22.155944344063023,473740984,3006208000,67063143424.31641,67.06314342431641,,,,,,,,19.966667,12.584033,0.33774227,1.3152695,,,,71.1132978317962,Technology,Computer Hardware,Taiwan,,2021-Q2
2353 TT,ACER INC,2021-07-01 00:00:00+08:00,2021,3,7,21.773170471191406,23.534234764412712,23.574259889796497,21.332903252784266,406585794,3006208000,65454679255.859375,65.45467925585938,,,,,,,,19.966667,12.584033,0.33774227,1.3152695,,,,47.26432366381961,Technology,Computer Hardware,Taiwan,,2021-Q3
2353 TT,ACER INC,2021-08-01 00:00:00+08:00,2021,3,8,20.17220115661621,21.85321664733227,23.77437982552608,19.371717007969572,429416799,3006208000,60641832494.62891,60.64183249462891,,,,,,,,19.966667,12.584033,0.33774227,1.3152695,,,,13.466897433251024,Technology,Computer Hardware,Taiwan,,2021-Q3
2353 TT,ACER INC,2021-09-01 00:00:00+08:00,2021,3,9,19.811983108520508,20.052127747599805,20.612467274521336,19.451764623099184,224562395,3006208000,59558942116.69922,59.55894211669922,,,,,,,,19.966667,12.584033,0.33774227,1.3152695,,,,4.925013841430581,Technology,Computer Hardware,Taiwan,,2021-Q3
2353 TT,ACER INC,2021-10-01 00:00:00+08:00,2021,4,10,20.812589645385742,19.771960773837446,21.573050262380445,18.771355502424672,255129321,3006208000,62566973492.67578,62.56697349267578,,,,,,,,19.966667,12.584033,0.33774227,1.3152695,,,,14.61475333985196,Technology,Computer Hardware,Taiwan,,2021-Q4
2353 TT,ACER INC,2021-11-01 00:00:00+08:00,2021,4,11,22.173412322998047,21.012709655136227,23.214041142817166,20.812588610801598,371468658,3006208000,66657889512.69531,66.6578895126953,,,,,,,,19.966667,12.584033,0.33774227,1.3152695,,,,25.801067462310833,Technology,Computer Hardware,Taiwan,,2021-Q4
2353 TT,ACER INC,2021-12-01 00:00:00+08:00,2021,4,12,24.374744415283203,22.53362984565517,24.734961387939112,22.01331542283945,568219450,3006208000,73275551659.17969,73.27555165917968,,,,,,,,19.966667,12.584033,0.33774227,1.3152695,,,,35.36663505488491,Technology,Computer Hardware,Taiwan,,2021-Q4
2353 TT,ACER INC,2022-01-01 00:00:00+08:00,2022,1,1,22.693727493286133,24.574865678421762,24.935082654212128,22.65370236699668,315121939,3006208000,68222065140.13672,68.22206514013672,,,,,,,,19.966667,12.584033,0.33774227,1.3152695,,,,10.189780694715079,Technology,Computer Hardware,Taiwan,,2022-Q1
2353 TT,ACER INC,2022-02-01 00:00:00+08:00,2022,1,2,23.053943634033203,22.693726671290356,24.254669896780815,22.693726671290356,268041499,3006208000,69304949784.17969,69.30494978417968,,,,,,,,19.966667,12.584033,0.33774227,1.3152695,,,,12.77261758411874,Technology,Computer Hardware,Taiwan,,2022-Q1
2353 TT,ACER INC,2022-03-01 00:00:00+08:00,2022,1,3,23.974502563476562,22.97389730668376,24.774986768910807,21.212831444007442,384651292,3006208000,72072341402.34375,72.07234140234375,,,,,,,,19.966667,12.584033,0.33774227,1.3152695,,,,0.12250915313836153,Technology,Computer Hardware,Taiwan,,2022-Q1
2353 TT,ACER INC,2022-04-01 00:00:00+08:00,2022,2,4,22.093364715576172,23.814405478402765,23.854429078569847,21.332904097981814,265530272,3006208000,66417249754.88281,66.41724975488282,,,,,,,,19.966667,12.584033,0.33774227,1.3152695,,,,-15.399966490946204,Technology,Computer Hardware,Taiwan,,2022-Q2
2353 TT,ACER INC,2022-05-01 00:00:00+08:00,2022,2,5,23.294092178344727,22.093365793139352,23.814406639906544,21.77317239577843,370069244,3006208000,70026886259.27734,70.02688625927735,,,,,,,,19.966667,12.584033,0.33774227,1.3152695,,,,-4.091325805961676,Technology,Computer Hardware,Taiwan,,2022-Q2
2353 TT,ACER INC,2022-06-01 00:00:00+08:00,2022,2,6,17.370506286621094,23.294088561982345,23.614281909633867,17.290457568007636,347285982,3006208000,52219354962.890625,52.21935496289063,,,,,,,,19.966667,12.584033,0.33774227,1.3152695,,,,-22.13404815743184,Technology,Computer Hardware,Taiwan,,2022-Q2
2353 TT,ACER INC,2022-07-01 00:00:00+08:00,2022,3,7,19.882749557495117,19.090958994882975,20.322633389837826,18.035237126051015,368819465,3006208000,59771680781.73828,59.77168078173828,,,,,,,,19.966667,12.584033,0.33774227,1.3152695,,,,-8.682341031580808,Technology,Computer Hardware,Taiwan,,2022-Q3
2353 TT,ACER INC,2022-08-01 00:00:00+08:00,2022,3,8,19.354887008666992,19.88274789905352,20.014712702144276,19.13494511084123,277576804,3006208000,58184816164.55078,58.18481616455078,,,,,,,,19.966667,12.584033,0.33774227,1.3152695,,,,-4.05168549333621,Technology,Computer Hardware,Taiwan,,2022-Q3
2353 TT,ACER INC,2022-09-01 00:00:00+08:00,2022,3,9,19.266910552978516,19.222922843163783,19.750783751058446,18.16720102737445,252150769,3006208000,57920340639.64844,57.92034063964844,,,,,,,,19.966667,12.584033,0.33774227,1.3152695,,,,-2.751226631661996,Technology,Computer Hardware,Taiwan,,2022-Q3
2353 TT,ACER INC,2022-10-01 00:00:00+08:00,2022,4,10,19.4428653717041,19.04696925858313,19.970726296524195,18.651074823485775,212649172,3006208000,58449297423.33984,58.44929742333984,,,,,,,,19.966667,12.584033,0.33774227,1.3152695,,,,-6.581229424207269,Technology,Computer Hardware,Taiwan,,2022-Q4
2353 TT,ACER INC,2022-11-01 00:00:00+08:00,2022,4,11,21.642282485961914,19.486851275387682,22.17014336181922,19.39887418307422,262933429,3006208000,65061202747.55859,65.0612027475586,,,,,,,,19.966667,12.584033,0.33774227,1.3152695,,,,-2.3953455124507417,Technology,Computer Hardware,Taiwan,,2022-Q4
2353 TT,ACER INC,2022-12-01 00:00:00+08:00,2022,4,12,20.71852684020996,21.774248658498085,22.082167662000753,19.970725703448075,199040696,3006208000,62284201135.25391,62.28420113525391,,,,,,,,19.966667,12.584033,0.33774227,1.3152695,,,,-15.000024257816458,Technology,Computer Hardware,Taiwan,,2022-Q4
2353 TT,ACER INC,2023-01-01 00:00:00+08:00,2023,1,1,21.9502010345459,20.718525122641335,22.08216583138612,20.542572619528848,94276402,3006208000,65986869951.66016,65.98686995166015,,,,,,,,19.966667,12.584033,0.33774227,1.3152695,,,,-3.2763522826305347,Technology,Computer Hardware,Taiwan,,2023-Q1
2353 TT,ACER INC,2023-02-01 00:00:00+08:00,2023,1,2,22.302108764648438,21.862224969203787,22.82996965478672,21.51031826845277,150197669,3006208000,67044777785.15625,67.04477778515626,,,,,,,,19.966667,12.584033,0.33774227,1.3152695,,,,-3.2611985234269225,Technology,Computer Hardware,Taiwan,,2023-Q1
2353 TT,ACER INC,2023-03-01 00:00:00+08:00,2023,1,3,24.765459060668945,22.3460980184042,25.161355175158082,22.12615610547104,236186861,3006208000,74450121151.85547,74.45012115185547,,,,,,,,19.966667,12.584033,0.33774227,1.3152695,,,,3.299157073637682,Technology,Computer Hardware,Taiwan,,2023-Q1
2353 TT,ACER INC,2023-04-01 00:00:00+08:00,2023,2,4,26.61297035217285,24.765458025177626,26.70094744927235,24.54551612144066,235352189,3006208000,80004124376.46484,80.00412437646484,,,,,,,,19.966667,12.584033,0.33774227,1.3152695,,,,20.456846183371447,Technology,Computer Hardware,Taiwan,,2023-Q2
2353 TT,ACER INC,2023-05-01 00:00:00+08:00,2023,2,5,27.140832901000977,26.61297196444851,27.44875192049189,24.677482423097334,395203510,3006208000,81590988993.65234,81.59098899365235,,,,,,,,19.966667,12.584033,0.33774227,1.3152695,,,,16.513803986026797,Technology,Computer Hardware,Taiwan,,2023-Q2
2353 TT,ACER INC,2023-06-01 00:00:00+08:00,2023,2,6,27.58071517944336,27.096841982386437,31.055796266191027,26.656958173074816,837754562,3006208000,82913366618.16406,82.91336661816406,,,,,,,,19.966667,12.584033,0.33774227,1.3152695,,,,58.77899425813658,Technology,Computer Hardware,Taiwan,,2023-Q2
2353 TT,ACER INC,2023-07-01 00:00:00+08:00,2023,3,7,32.23298263549805,29.009684371948243,37.988872391836985,28.779448781694683,930477834,3006208000,96899050262.69531,96.89905026269531,,,,,,,,19.966667,12.584033,0.33774227,1.3152695,,,,62.115317815021776,Technology,Computer Hardware,Taiwan,,2023-Q3
2353 TT,ACER INC,2023-08-01 00:00:00+08:00,2023,3,8,33.70648956298828,32.4632187603901,36.14698826511522,30.713426840399123,582925270,3006208000,101328718576.17188,101.32871857617188,,,,,,,,19.966667,12.584033,0.33774227,1.3152695,,,,74.14976149380121,Technology,Computer Hardware,Taiwan,,2023-Q3
2353 TT,ACER INC,2023-09-01 00:00:00+08:00,2023,3,9,33.430206298828125,33.430206298828125,35.732562152922576,33.15392429896004,264892239,3006208000,100498153617.1875,100.4981536171875,,,,,,,,19.966667,12.584033,0.33774227,1.3152695,,,,73.51098510009987,Technology,Computer Hardware,Taiwan,,2023-Q3
2353 TT,ACER INC,2023-10-01 00:00:00+08:00,2023,4,10,31.40413475036621,33.4762551711911,35.31813998970212,31.40413475036621,282940722,3006208000,94407361119.6289,94.4073611196289,,,,,,,,19.966667,12.584033,0.33774227,1.3152695,,,,61.520095675145555,Technology,Computer Hardware,Taiwan,,2023-Q4
2353 TT,ACER INC,2023-11-01 00:00:00+08:00,2023,4,11,32.417171478271484,31.680418299630006,32.96973548397352,30.4831904320818,672761922,3006208000,97452760235.35156,97.45276023535156,,,,,,,,19.966667,12.584033,0.33774227,1.3152695,,,,49.78628755677046,Technology,Computer Hardware,Taiwan,,2023-Q4
2353 TT,ACER INC,2023-12-01 00:00:00+08:00,2023,4,12,49.54669952392578,32.27902983530506,51.849055482408545,31.4501837981211,1622875294,3006208000,148947684482.42188,148.94768448242186,,,,,,,,19.966667,12.584033,0.33774227,1.3152695,,,,139.14200032681316,Technology,Computer Hardware,Taiwan,,2023-Q4
2353 TT,ACER INC,2024-01-01 00:00:00+08:00,2024,1,1,42.409393310546875,49.54669632036378,50.09926382254188,41.074026238345,1584629247,3006208000,127491457445.3125,127.4914574453125,,,,,,,,19.966667,12.584033,0.33774227,1.3152695,,,,93.20731160412458,Technology,Computer Hardware,Taiwan,,2024-Q1
2353 TT,ACER INC,2024-02-01 00:00:00+08:00,2024,1,2,41.58055114746094,42.547539973726344,45.81688482115534,41.30426561442812,603427843,3006208000,124999785503.90625,124.99978550390625,,,,,,,,19.966667,12.584033,0.33774227,1.3152695,,,,86.44223999737272,Technology,Computer Hardware,Taiwan,,2024-Q1
2353 TT,ACER INC,2024-03-01 00:00:00+08:00,2024,1,3,42.96196365356445,41.90287850586204,44.6657056600947,40.70565410831783,770473742,3006208000,129152598831.05469,129.1525988310547,,,,,,,,19.966667,12.584033,0.33774227,1.3152695,,,,73.47533735723934,Technology,Computer Hardware,Taiwan,,2024-Q1
2353 TT,ACER INC,2024-04-01 00:00:00+08:00,2024,2,4,41.58055114746094,43.33033961567537,46.96806283173713,39.001909593264536,778829738,3006208000,124999785503.90625,124.99978550390625,67138026000.0,67138.026,7178339000.0,1403585000.0,1467864000.0,2994706000.0,0.46545822446398055,19.966667,12.584033,0.33774227,1.3152695,,,,56.24167688619559,Technology,Computer Hardware,Taiwan,,2024-Q2
2353 TT,ACER INC,2024-05-01 00:00:00+08:00,2024,2,5,48.71785354614258,41.44240730321968,55.71701426321757,40.797746931435206,1631956793,3006208000,146456001073.2422,146.4560010732422,67138026000.0,67138.026,7178339000.0,1403585000.0,1467864000.0,2994706000.0,0.5453541375838269,19.966667,12.584033,0.33774227,1.3152695,,0.0,,79.50021550129298,Technology,Computer Hardware,Taiwan,,2024-Q2
2353 TT,ACER INC,2024-06-01 00:00:00+08:00,2024,2,6,43.146148681640625,50.09926639407603,50.28345205780659,42.179159894589795,779014117,3006208000,129706297335.9375,129.7062973359375,67138026000.0,67138.026,7178339000.0,1403585000.0,1467864000.0,2994706000.0,0.4829837316632511,19.966667,12.584033,0.33774227,1.3152695,,0.0,,56.43593141413026,Technology,Computer Hardware,Taiwan,,2024-Q2
2353 TT,ACER INC,2024-07-01 00:00:00+08:00,2024,3,7,41.732242584228516,44.730113334355224,46.25283914461548,40.92329517823988,598599830,3006208000,125455801514.64844,125.45580151464844,72690797000.0,72690.797,7675695000.0,1504779000.0,1603453000.0,2845306000.0,0.4314707180698832,19.966667,12.584033,0.33774227,1.3152695,,8.270679569875949,,29.470620377119474,Technology,Computer Hardware,Taiwan,,2024-Q3
2353 TT,ACER INC,2024-08-01 00:00:00+08:00,2024,3,8,41.6370735168457,42.35085191999163,43.68323972471657,36.4502830612257,429965120,3006208000,125169703502.92969,125.16970350292969,72690797000.0,72690.797,7675695000.0,1504779000.0,1603453000.0,2845306000.0,0.43048676266037394,19.966667,12.584033,0.33774227,1.3152695,,0.0,8.270679569875949,23.52835924677743,Technology,Computer Hardware,Taiwan,,2024-Q3
2353 TT,ACER INC,2024-09-01 00:00:00+08:00,2024,3,9,38.82954406738281,41.874999287081685,41.92258378745135,38.06818117007426,270302124,3006208000,116729686011.71875,116.72968601171875,72690797000.0,72690.797,7675695000.0,1504779000.0,1603453000.0,2845306000.0,0.4014596442370784,19.966667,12.584033,0.33774227,1.3152695,,0.0,8.270679569875949,16.151075229063004,Technology,Computer Hardware,Taiwan,,2024-Q3
2353 TT,ACER INC,2024-10-01 00:00:00+08:00,2024,4,10,38.4964485168457,39.257811405897456,40.63778368444011,37.97301175752666,250407962,3006208000,115728331502.92969,115.72833150292969,66021360000.0,66021.36,6956010000.0,1428489000.0,1026653000.0,3312980000.0,0.43822306713664216,19.966667,12.584033,0.33774227,1.3152695,,-9.175077554865718,-1.6632392498403203,22.58401265583918,Technology,Computer Hardware,Taiwan,,2024-Q4
2353 TT,ACER INC,2024-11-01 00:00:00+08:00,2024,4,11,36.02201461791992,37.97301178764742,40.066758826584376,35.26065172826425,303063169,3006208000,108289668520.50781,108.28966852050782,66021360000.0,66021.36,6956010000.0,1428489000.0,1026653000.0,3312980000.0,0.4100554294871683,19.966667,12.584033,0.33774227,1.3152695,,0.0,-9.175077554865718,11.120165564304973,Technology,Computer Hardware,Taiwan,,2024-Q4
2353 TT,ACER INC,2024-12-01 00:00:00+08:00,2024,4,12,37.87784194946289,36.212358917246235,38.353694244381934,34.68963302569126,300153935,3006208000,113868671491.21094,113.86867149121093,66021360000.0,66021.36,6956010000.0,1428489000.0,1026653000.0,3312980000.0,0.4311811794365147,19.966667,12.584033,0.33774227,1.3152695,,0.0,-9.175077554865718,-23.55123083189038,Technology,Computer Hardware,Taiwan,,2024-Q4
2353 TT,ACER INC,2025-01-01 00:00:00+08:00,2025,1,1,35.403411865234375,37.735088862588015,38.97230411716395,34.356534626389404,170976394,3006208000,106430019976.5625,106.4300199765625,61337993000.0,61337.993,6477800000.0,515165000.0,1038772000.0,1765384000.0,0.4337850603318668,19.966667,12.584033,0.33774227,1.3152695,,-7.0937148219909485,-15.617938540417986,-16.51988132442859,Technology,Computer Hardware,Taiwan,,2025-Q1
2353 TT,ACER INC,2025-02-01 00:00:00+08:00,2025,1,2,37.25923538208008,35.403410743770166,38.734376740056994,35.403410743770166,227948798,3006208000,112009011479.49219,112.00901147949219,61337993000.0,61337.993,6477800000.0,515165000.0,1038772000.0,1765384000.0,0.4565237873021546,19.966667,12.584033,0.33774227,1.3152695,,0.0,-7.0937148219909485,-10.392637052971665,Technology,Computer Hardware,Taiwan,,2025-Q1
2353 TT,ACER INC,2025-03-01 00:00:00+08:00,2025,1,3,33.7379264831543,36.78338172046293,37.354402989129994,33.45241584882076,219077629,3006208000,101423224497.07031,101.42322449707031,61337993000.0,61337.993,6477800000.0,515165000.0,1038772000.0,1765384000.0,0.41337847692974855,19.966667,12.584033,0.33774227,1.3152695,,0.0,-7.0937148219909485,-21.470241082997752,Technology,Computer Hardware,Taiwan,,2025-Q1
2353 TT,ACER INC,2025-04-01 00:00:00+08:00,2025,2,4,33.2144889831543,33.833094738833395,35.30823600910154,25.74360637169208,317297793,3006208000,99849662497.07031,99.84966249707031,66531628000.0,66531.628,6729209000.0,1084763000.0,733921000.0,2815852000.0,0.37519622433209626,19.966667,12.584033,0.33774227,1.3152695,,8.467239872031683,0.7728832002249053,-20.12013293098811,Technology,Computer Hardware,Taiwan,,2025-Q2
2353 TT,ACER INC,2025-05-01 00:00:00+08:00,2025,2,5,33.02415084838867,32.8338091994006,35.022729086600975,31.644178431306376,183467801,3006208000,99277466473.63281,99.27746647363281,66531628000.0,66531.628,6729209000.0,1084763000.0,733921000.0,2815852000.0,0.37304613406436116,19.966667,12.584033,0.33774227,1.3152695,,0.0,8.467239872031683,-32.21345267785616,Technology,Computer Hardware,Taiwan,,2025-Q2
2353 TT,ACER INC,2025-06-01 00:00:00+08:00,2025,2,6,28.836647033691406,32.59588071856812,35.117899219051985,28.64630721352532,314819197,3006208000,86688959005.85938,86.68895900585937,66531628000.0,66531.628,6729209000.0,1084763000.0,733921000.0,2815852000.0,0.32574341561978376,19.966667,12.584033,0.33774227,1.3152695,,0.0,8.467239872031683,-33.165188748441274,Technology,Computer Hardware,Taiwan,,2025-Q2
2353 TT,ACER INC,2025-07-01 00:00:00+08:00,2025,3,7,32.150001525878906,30.299999237060547,32.650001525878906,29.100000381469727,340858698,3006208000,96649591787.10938,96.64959178710937,,,,,,,,19.966667,12.584033,0.33774227,1.3152695,,0.0,8.467239872031683,-22.961241632317495,Technology,Computer Hardware,Taiwan,,2025-Q3
2353 TT,ACER INC,2025-08-01 00:00:00+08:00,2025,3,8,29.549999237060547,31.799999237060547,32.5,29.100000381469727,248110270,3006208000,88833444106.44531,88.83344410644531,,,,,,,,19.966667,12.584033,0.33774227,1.3152695,,0.0,0.0,-29.029596123980518,Technology,Computer Hardware,Taiwan,,2025-Q3
2353 TT,ACER INC,2025-09-01 00:00:00+08:00,2025,3,9,30.950000762939453,29.5,35.599998474121094,28.600000381469727,457875335,3006208000,93042139893.55469,93.04213989355469,,,,,,,,19.966667,12.584033,0.33774227,1.3152695,,0.0,0.0,-20.292649562842158,Technology,Computer Hardware,Taiwan,,2025-Q3
2353 TT,ACER INC,2025-10-01 00:00:00+08:00,2025,4,10,29.950000762939453,31.149999618530273,31.149999618530273,29.899999618530273,81769221,3006208000,90035931893.55469,90.03593189355469,,,,,,,,19.966667,12.584033,0.33774227,1.3152695,,0.0,0.0,-22.200613519365042,Technology,Computer Hardware,Taiwan,,2025-Q4
