ticker,company_name,date,year,quarter,month,close_price,open_price,high_price,low_price,volume,shares_outstanding,market_cap,market_cap_billions,revenue,revenue_millions,gross_profit,net_income,operating_income,ebitda,ps_ratio,current_pe,forward_pe,current_ps,current_pb,peg_ratio,revenue_qoq_pct,revenue_yoy_pct,market_cap_yoy_pct,sector,industry,country,employees,year_quarter
3443 TT,GLOBAL UNICHIP CORP,2015-01-01 00:00:00+08:00,2015,1,1,72.01971435546875,75.60846059146678,76.01627322944174,71.12252157374222,8496000,134011000,9651433940.490723,9.651433940490723,,,,,,,,56.36161,42.66404,7.880778,18.793728,,,,,Technology,Semiconductors,Taiwan,,2015-Q1
3443 TT,GLOBAL UNICHIP CORP,2015-02-01 00:00:00+08:00,2015,1,2,71.2040786743164,72.01970383107731,73.73251541572996,70.06220221030594,6622000,134011000,9542129787.223816,9.542129787223816,,,,,,,,56.36161,42.66404,7.880778,18.793728,,,,,Technology,Semiconductors,Taiwan,,2015-Q1
3443 TT,GLOBAL UNICHIP CORP,2015-03-01 00:00:00+08:00,2015,1,3,67.69689178466797,71.20408264332569,72.182830396905,67.37064045923272,10952000,134011000,9072128164.95514,9.072128164955139,,,,,,,,56.36161,42.66404,7.880778,18.793728,,,,,Technology,Semiconductors,Taiwan,,2015-Q1
3443 TT,GLOBAL UNICHIP CORP,2015-04-01 00:00:00+08:00,2015,2,4,65.82095336914062,67.12595871130175,69.08345427909013,65.08689564258331,7054000,134011000,8820731781.951904,8.820731781951904,,,,,,,,56.36161,42.66404,7.880778,18.793728,,,,,Technology,Semiconductors,Taiwan,,2015-Q2
3443 TT,GLOBAL UNICHIP CORP,2015-05-01 00:00:00+08:00,2015,2,5,70.7146987915039,65.82094783782955,71.44876267910028,65.250012715658,8803000,134011000,9476547499.74823,9.47654749974823,,,,,,,,56.36161,42.66404,7.880778,18.793728,,,,,Technology,Semiconductors,Taiwan,,2015-Q2
3443 TT,GLOBAL UNICHIP CORP,2015-06-01 00:00:00+08:00,2015,2,6,62.39532470703125,70.71469884554496,70.87782761109445,61.17188696767769,12175000,134011000,8361659859.313965,8.361659859313965,,,,,,,,56.36161,42.66404,7.880778,18.793728,,,,,Technology,Semiconductors,Taiwan,,2015-Q2
3443 TT,GLOBAL UNICHIP CORP,2015-07-01 00:00:00+08:00,2015,3,7,60.81642150878906,65.22710050044194,69.8922376348242,58.6110852486146,9786000,134011000,8150069462.814331,8.150069462814331,,,,,,,,56.36161,42.66404,7.880778,18.793728,,,,,Technology,Semiconductors,Taiwan,,2015-Q3
3443 TT,GLOBAL UNICHIP CORP,2015-08-01 00:00:00+08:00,2015,3,8,48.771881103515625,60.816412630993064,60.816412630993064,41.81658610771005,10475000,134011000,6535968558.563232,6.5359685585632326,,,,,,,,56.36161,42.66404,7.880778,18.793728,,,,,Technology,Semiconductors,Taiwan,,2015-Q3
3443 TT,GLOBAL UNICHIP CORP,2015-09-01 00:00:00+08:00,2015,3,9,49.28080749511719,49.02634613472924,54.963796212474705,48.00849745752568,7115000,134011000,6604170293.228149,6.604170293228149,,,,,,,,56.36161,42.66404,7.880778,18.793728,,,,,Technology,Semiconductors,Taiwan,,2015-Q3
3443 TT,GLOBAL UNICHIP CORP,2015-10-01 00:00:00+08:00,2015,4,10,55.81200408935547,49.62009251973845,59.37446968173832,49.45045053066026,9725000,134011000,7479422480.018616,7.4794224800186155,,,,,,,,56.36161,42.66404,7.880778,18.793728,,,,,Technology,Semiconductors,Taiwan,,2015-Q4
3443 TT,GLOBAL UNICHIP CORP,2015-11-01 00:00:00+08:00,2015,4,11,57.593238830566406,56.40574810256737,61.07088516368197,55.133437994990665,9155000,134011000,7718127528.923035,7.718127528923035,,,,,,,,56.36161,42.66404,7.880778,18.793728,,,,,Technology,Semiconductors,Taiwan,,2015-Q4
3443 TT,GLOBAL UNICHIP CORP,2015-12-01 00:00:00+08:00,2015,4,12,55.98164367675781,57.678057121508054,62.51283285052474,55.30307571033623,10066000,134011000,7502156050.765991,7.502156050765991,,,,,,,,56.36161,42.66404,7.880778,18.793728,,,,,Technology,Semiconductors,Taiwan,,2015-Q4
3443 TT,GLOBAL UNICHIP CORP,2016-01-01 00:00:00+08:00,2016,1,1,54.7093391418457,55.981649354446766,57.16914018046864,49.62009829144145,5711000,134011000,7331653247.7378845,7.331653247737885,,,,,,,,56.36161,42.66404,7.880778,18.793728,,,,-24.035606595416326,Technology,Semiconductors,Taiwan,,2016-Q1
3443 TT,GLOBAL UNICHIP CORP,2016-02-01 00:00:00+08:00,2016,1,2,70.82526397705078,55.557542401159594,72.60649686664395,54.96380026172986,24399000,134011000,9491364450.828552,9.491364450828552,,,,,,,,56.36161,42.66404,7.880778,18.793728,,,,-0.5320126379252832,Technology,Semiconductors,Taiwan,,2016-Q1
3443 TT,GLOBAL UNICHIP CORP,2016-03-01 00:00:00+08:00,2016,1,3,71.33418273925781,73.70916410654087,77.10199093334317,69.21366597250636,38772000,134011000,9559565163.070679,9.559565163070678,,,,,,,,56.36161,42.66404,7.880778,18.793728,,,,5.372906877555672,Technology,Semiconductors,Taiwan,,2016-Q1
3443 TT,GLOBAL UNICHIP CORP,2016-04-01 00:00:00+08:00,2016,2,4,64.03961181640625,70.74044666496654,73.03060237981305,63.44586965961024,11443000,134011000,8582012419.128418,8.582012419128418,,,,,,,,56.36161,42.66404,7.880778,18.793728,,,,-2.7063441982436154,Technology,Semiconductors,Taiwan,,2016-Q2
3443 TT,GLOBAL UNICHIP CORP,2016-05-01 00:00:00+08:00,2016,2,5,62.93693923950195,64.03961062015875,65.05745614745423,57.593240514244634,9231000,134011000,8434242164.424896,8.434242164424896,,,,,,,,56.36161,42.66404,7.880778,18.793728,,,,-10.998787642345754,Technology,Semiconductors,Taiwan,,2016-Q2
3443 TT,GLOBAL UNICHIP CORP,2016-06-01 00:00:00+08:00,2016,2,6,62.08872604370117,63.361036056656545,67.77171465101722,59.37446727125104,65971000,134011000,8320572265.842438,8.320572265842438,,,,,,,,56.36161,42.66404,7.880778,18.793728,,,,-0.49138082824261575,Technology,Semiconductors,Taiwan,,2016-Q2
3443 TT,GLOBAL UNICHIP CORP,2016-07-01 00:00:00+08:00,2016,3,7,67.74208068847656,65.00413603236692,70.30338636226116,64.2975733647215,16277000,134011000,9078183975.143433,9.078183975143432,,,,,,,,56.36161,42.66404,7.880778,18.793728,,,,11.387811067914644,Technology,Semiconductors,Taiwan,,2016-Q3
3443 TT,GLOBAL UNICHIP CORP,2016-08-01 00:00:00+08:00,2016,3,8,65.357421875,67.83040810074355,72.24645011932463,65.357421875,10944000,134011000,8758613462.890625,8.758613462890626,,,,,,,,56.36161,42.66404,7.880778,18.793728,,,,34.00635857428276,Technology,Semiconductors,Taiwan,,2016-Q3
3443 TT,GLOBAL UNICHIP CORP,2016-09-01 00:00:00+08:00,2016,3,9,67.12383270263672,66.06398540793299,69.68513819290628,65.44573553740184,5381000,134011000,8995331944.31305,8.99533194431305,,,,,,,,56.36161,42.66404,7.880778,18.793728,,,,36.206844235024846,Technology,Semiconductors,Taiwan,,2016-Q3
3443 TT,GLOBAL UNICHIP CORP,2016-10-01 00:00:00+08:00,2016,4,10,71.09827423095703,67.12383654102776,73.30629516980663,66.77055184314278,7391000,134011000,9527950827.964783,9.527950827964784,,,,,,,,56.36161,42.66404,7.880778,18.793728,,,,27.388857273657695,Technology,Semiconductors,Taiwan,,2016-Q4
3443 TT,GLOBAL UNICHIP CORP,2016-11-01 00:00:00+08:00,2016,4,11,67.65376281738281,71.18659645524453,72.24645058961029,65.09245708226399,6469000,134011000,9066348408.920288,9.066348408920287,,,,,,,,56.36161,42.66404,7.880778,18.793728,,,,17.46823792357548,Technology,Semiconductors,Taiwan,,2016-Q4
3443 TT,GLOBAL UNICHIP CORP,2016-12-01 00:00:00+08:00,2016,4,12,69.33187103271484,67.83041919613477,70.30339908805175,66.6822453881525,6554000,134011000,9291233368.965149,9.291233368965148,,,,,,,,56.36161,42.66404,7.880778,18.793728,,,,23.847508717397158,Technology,Semiconductors,Taiwan,,2016-Q4
3443 TT,GLOBAL UNICHIP CORP,2017-01-01 00:00:00+08:00,2017,1,1,70.48003387451172,69.33186024517698,72.77637439483576,68.71361705297855,5072000,134011000,9445099819.55719,9.44509981955719,,,,,,,,56.36161,42.66404,7.880778,18.793728,,,,28.826330166001647,Technology,Semiconductors,Taiwan,,2017-Q1
3443 TT,GLOBAL UNICHIP CORP,2017-02-01 00:00:00+08:00,2017,1,2,90.08724212646484,70.48002153545431,94.061679279103,70.0384174073834,37450000,134011000,12072681404.60968,12.07268140460968,,,,,,,,56.36161,42.66404,7.880778,18.793728,,,,27.196479148535822,Technology,Semiconductors,Taiwan,,2017-Q1
3443 TT,GLOBAL UNICHIP CORP,2017-03-01 00:00:00+08:00,2017,1,3,89.64566040039062,90.0872646388162,103.33539179158328,88.14420868508205,40022000,134011000,12013504595.916748,12.013504595916748,,,,,,,,56.36161,42.66404,7.880778,18.793728,,,,25.669990119695218,Technology,Semiconductors,Taiwan,,2017-Q1
3443 TT,GLOBAL UNICHIP CORP,2017-04-01 00:00:00+08:00,2017,2,4,93.1784896850586,89.64565595292368,94.50330233460919,82.84495371390219,18016000,134011000,12486942581.184387,12.486942581184387,,,,,,,,56.36161,42.66404,7.880778,18.793728,,,,45.50133431818723,Technology,Semiconductors,Taiwan,,2017-Q2
3443 TT,GLOBAL UNICHIP CORP,2017-05-01 00:00:00+08:00,2017,2,5,90.08724212646484,93.17847102296119,95.38649166331572,85.67120084575578,25344000,134011000,12072681404.60968,12.07268140460968,,,,,,,,56.36161,42.66404,7.880778,18.793728,,,,43.13889937298092,Technology,Semiconductors,Taiwan,,2017-Q2
3443 TT,GLOBAL UNICHIP CORP,2017-06-01 00:00:00+08:00,2017,2,6,113.93389129638672,90.97047134517699,121.88276743334393,89.64565865568412,92058000,134011000,15268394706.52008,15.26839470652008,,,,,,,,56.36161,42.66404,7.880778,18.793728,,,,83.50173784560229,Technology,Semiconductors,Taiwan,,2017-Q2
3443 TT,GLOBAL UNICHIP CORP,2017-07-01 00:00:00+08:00,2017,3,7,152.3534393310547,114.37548054128453,167.36798117817312,105.5433971018031,124083000,134011000,20417036758.19397,20.41703675819397,,,,,,,,56.36161,42.66404,7.880778,18.793728,,,,124.90221407824448,Technology,Semiconductors,Taiwan,,2017-Q3
3443 TT,GLOBAL UNICHIP CORP,2017-08-01 00:00:00+08:00,2017,3,8,195.6306610107422,154.11986612358697,204.02114082835868,143.96296950226176,183132900,134011000,26216660512.71057,26.216660512710572,,,,,,,,56.36161,42.66404,7.880778,18.793728,,,,199.32432369333296,Technology,Semiconductors,Taiwan,,2017-Q3
3443 TT,GLOBAL UNICHIP CORP,2017-09-01 00:00:00+08:00,2017,3,9,170.01759338378906,185.47373823686078,192.98100859406705,155.0030526693765,109799297,134011000,22784227706.954956,22.784227706954955,,,,,,,,56.36161,42.66404,7.880778,18.793728,,,,153.2894599999659,Technology,Semiconductors,Taiwan,,2017-Q3
3443 TT,GLOBAL UNICHIP CORP,2017-10-01 00:00:00+08:00,2017,4,10,264.9625244140625,186.35697550455728,285.27631795247396,184.5905586751302,160806681,134011000,35507892859.25293,35.50789285925293,,,,,,,,56.36161,42.66404,7.880778,18.793728,,,,272.67082398280587,Technology,Semiconductors,Taiwan,,2017-Q4
3443 TT,GLOBAL UNICHIP CORP,2017-11-01 00:00:00+08:00,2017,4,11,249.0647735595703,267.61215031400644,274.6778176490297,225.65975051230575,90400783,134011000,33377419369.491577,33.37741936949158,,,,,,,,56.36161,42.66404,7.880778,18.793728,,,,268.1462245224535,Technology,Semiconductors,Taiwan,,2017-Q4
3443 TT,GLOBAL UNICHIP CORP,2017-12-01 00:00:00+08:00,2017,4,12,225.2181396484375,247.29834941789215,272.9113927504595,213.73643056832108,90878442,134011000,30181708112.426758,30.181708112426758,,,,,,,,56.36161,42.66404,7.880778,18.793728,,,,224.84070643667812,Technology,Semiconductors,Taiwan,,2017-Q4
3443 TT,GLOBAL UNICHIP CORP,2018-01-01 00:00:00+08:00,2018,1,1,317.5134582519531,225.21816927468163,327.228751828508,219.47731397944463,134103041,134011000,42550296053.80249,42.55029605380249,,,,,,,,56.36161,42.66404,7.880778,18.793728,,,,350.5012849699809,Technology,Semiconductors,Taiwan,,2018-Q1
3443 TT,GLOBAL UNICHIP CORP,2018-02-01 00:00:00+08:00,2018,1,2,273.7945861816406,317.07179496519024,319.2798158214938,225.65973151422315,82989865,134011000,36691486288.78784,36.69148628878784,,,,,,,,56.36161,42.66404,7.880778,18.793728,,,,203.92159835161414,Technology,Semiconductors,Taiwan,,2018-Q1
3443 TT,GLOBAL UNICHIP CORP,2018-03-01 00:00:00+08:00,2018,1,3,280.8602600097656,269.37855126722803,312.65576114294663,252.15598815342165,100076342,134011000,37638364304.1687,37.638364304168704,,,,,,,,56.36161,42.66404,7.880778,18.793728,,,,213.3004528666976,Technology,Semiconductors,Taiwan,,2018-Q1
3443 TT,GLOBAL UNICHIP CORP,2018-04-01 00:00:00+08:00,2018,2,4,249.0647735595703,282.6266934009309,283.06829760936984,198.7218937975295,108094753,134011000,33377419369.491577,33.37741936949158,,,,,,,,56.36161,42.66404,7.880778,18.793728,,,,167.29857330957412,Technology,Semiconductors,Taiwan,,2018-Q2
3443 TT,GLOBAL UNICHIP CORP,2018-05-01 00:00:00+08:00,2018,2,5,225.2181396484375,249.0647661994485,258.78005849800854,220.80209769454657,80983550,134011000,30181708112.426758,30.181708112426758,,,,,,,,56.36161,42.66404,7.880778,18.793728,,,,150.00003811003043,Technology,Semiconductors,Taiwan,,2018-Q2
3443 TT,GLOBAL UNICHIP CORP,2018-06-01 00:00:00+08:00,2018,2,6,241.55751037597656,223.45173720337138,285.27632852446226,221.68532030848306,103584828,134011000,32371363522.994995,32.371363522995,,,,,,,,56.36161,42.66404,7.880778,18.793728,,,,112.01550094307828,Technology,Semiconductors,Taiwan,,2018-Q2
3443 TT,GLOBAL UNICHIP CORP,2018-07-01 00:00:00+08:00,2018,3,7,298.6392517089844,247.73995239810168,299.08968798607185,235.12773663965285,98290764,134011000,40020944760.772705,40.02094476077271,,,,,,,,56.36161,42.66404,7.880778,18.793728,,,,96.01740073623122,Technology,Semiconductors,Taiwan,,2018-Q3
3443 TT,GLOBAL UNICHIP CORP,2018-08-01 00:00:00+08:00,2018,3,8,281.97308349609375,304.94533151254865,328.36801576462034,241.88425852620182,95756203,134011000,37787494892.39502,37.78749489239502,,,,,,,,56.36161,42.66404,7.880778,18.793728,,,,44.13542439577529,Technology,Semiconductors,Taiwan,,2018-Q3
3443 TT,GLOBAL UNICHIP CORP,2018-09-01 00:00:00+08:00,2018,3,9,244.13645935058594,281.97310618720815,315.75582657704933,244.13645935058594,123487604,134011000,32716971054.031372,32.71697105403137,,,,,,,,56.36161,42.66404,7.880778,18.793728,,,,43.5948212721049,Technology,Semiconductors,Taiwan,,2018-Q3
3443 TT,GLOBAL UNICHIP CORP,2018-10-01 00:00:00+08:00,2018,4,10,189.18325805664062,244.13649015880765,254.94696204775855,163.95882364908854,159840916,134011000,25352637595.428467,25.352637595428465,,,,,,,,56.36161,42.66404,7.880778,18.793728,,,,-28.59999410293964,Technology,Semiconductors,Taiwan,,2018-Q4
3443 TT,GLOBAL UNICHIP CORP,2018-11-01 00:00:00+08:00,2018,4,11,179.7240753173828,195.4893450820655,206.75025205683886,145.94135439306274,170357915,134011000,24085003057.357788,24.08500305735779,,,,,,,,56.36161,42.66404,7.880778,18.793728,,,,-27.840427713316462,Technology,Semiconductors,Taiwan,,2018-Q4
3443 TT,GLOBAL UNICHIP CORP,2018-12-01 00:00:00+08:00,2018,4,12,185.57974243164062,186.48061496771655,197.29108540062765,162.60749276170452,103476552,134011000,24869726863.00659,24.86972686300659,,,,,,,,56.36161,42.66404,7.880778,18.793728,,,,-17.600002059635113,Technology,Semiconductors,Taiwan,,2018-Q4
3443 TT,GLOBAL UNICHIP CORP,2019-01-01 00:00:00+08:00,2019,1,1,178.37277221679688,185.57975291242502,189.18324326023912,151.34659460819128,81319049,134011000,23903913577.545166,23.903913577545165,,,,,,,,56.36161,42.66404,7.880778,18.793728,,,,-43.82198058664506,Technology,Semiconductors,Taiwan,,2019-Q1
3443 TT,GLOBAL UNICHIP CORP,2019-02-01 00:00:00+08:00,2019,1,2,190.5345458984375,178.37276637300533,209.90330588338506,170.26491335605053,88913358,134011000,25533725030.395508,25.53372503039551,,,,,,,,56.36161,42.66404,7.880778,18.793728,,,,-30.409673706245897,Technology,Semiconductors,Taiwan,,2019-Q1
3443 TT,GLOBAL UNICHIP CORP,2019-03-01 00:00:00+08:00,2019,1,3,185.12928771972656,190.53452239767478,195.48932085246065,176.12056325647953,40885878,134011000,24809360976.608276,24.809360976608275,,,,,,,,56.36161,42.66404,7.880778,18.793728,,,,-34.0849119368865,Technology,Semiconductors,Taiwan,,2019-Q1
3443 TT,GLOBAL UNICHIP CORP,2019-04-01 00:00:00+08:00,2019,2,4,204.4980926513672,186.48063955433045,224.31729105810763,185.12933057205268,115873862,134011000,27404993894.30237,27.40499389430237,,,,,,,,56.36161,42.66404,7.880778,18.793728,,,,-17.89361067455163,Technology,Semiconductors,Taiwan,,2019-Q2
3443 TT,GLOBAL UNICHIP CORP,2019-05-01 00:00:00+08:00,2019,2,5,205.84938049316406,204.49807164966407,209.45287074249734,179.27363990433105,90003545,134011000,27586081329.26941,27.58608132926941,,,,,,,,56.36161,42.66404,7.880778,18.793728,,,,-8.599999620593534,Technology,Semiconductors,Taiwan,,2019-Q2
3443 TT,GLOBAL UNICHIP CORP,2019-06-01 00:00:00+08:00,2019,2,6,204.04763793945312,201.34502021840078,212.60592738945226,181.52582359735013,56014861,134011000,27344628007.904053,27.344628007904053,,,,,,,,56.36161,42.66404,7.880778,18.793728,,,,-15.52834038492139,Technology,Semiconductors,Taiwan,,2019-Q2
3443 TT,GLOBAL UNICHIP CORP,2019-07-01 00:00:00+08:00,2019,3,7,236.2432403564453,212.7570702625297,251.9006870857224,204.0073206196984,71096166,134011000,31659192883.407593,31.65919288340759,,,,,,,,56.36161,42.66404,7.880778,18.793728,,,,-20.893439491116272,Technology,Semiconductors,Taiwan,,2019-Q3
3443 TT,GLOBAL UNICHIP CORP,2019-08-01 00:00:00+08:00,2019,3,8,218.2832489013672,232.55915758478994,237.62480260148834,185.12629970115952,70179240,134011000,29252356468.52112,29.252356468521118,,,,,,,,56.36161,42.66404,7.880778,18.793728,,,,-22.587203645488696,Technology,Semiconductors,Taiwan,,2019-Q3
3443 TT,GLOBAL UNICHIP CORP,2019-09-01 00:00:00+08:00,2019,3,9,230.25657653808594,218.74374771118164,243.15094482421873,213.21758987426756,35247730,134011000,30856914078.445435,30.856914078445435,,,,,,,,56.36161,42.66404,7.880778,18.793728,,,,-5.685297005380152,Technology,Semiconductors,Taiwan,,2019-Q3
3443 TT,GLOBAL UNICHIP CORP,2019-10-01 00:00:00+08:00,2019,4,10,246.37452697753906,232.0986198068779,271.70274937709917,228.87502786511573,46032853,134011000,33016896734.786987,33.01689673478699,,,,,,,,56.36161,42.66404,7.880778,18.793728,,,,30.230618453444546,Technology,Semiconductors,Taiwan,,2019-Q4
3443 TT,GLOBAL UNICHIP CORP,2019-11-01 00:00:00+08:00,2019,4,11,245.4534912109375,243.1509256273452,265.25555522983115,231.17758459266534,41805732,134011000,32893467810.668945,32.893467810668945,,,,,,,,56.36161,42.66404,7.880778,18.793728,,,,36.57240454707038,Technology,Semiconductors,Taiwan,,2019-Q4
3443 TT,GLOBAL UNICHIP CORP,2019-12-01 00:00:00+08:00,2019,4,12,221.9673309326172,244.53247453365088,245.45350080308083,219.20425212432735,36158896,134011000,29746063985.610962,29.746063985610963,,,,,,,,56.36161,42.66404,7.880778,18.793728,,,,19.607521825492434,Technology,Semiconductors,Taiwan,,2019-Q4
3443 TT,GLOBAL UNICHIP CORP,2020-01-01 00:00:00+08:00,2020,1,1,219.66476440429688,221.96733006891213,241.30888165168042,212.75706741045104,25066214,134011000,29437494742.58423,29.437494742584228,,,,,,,,56.36161,42.66404,7.880778,18.793728,,,,23.14926862117337,Technology,Semiconductors,Taiwan,,2020-Q1
3443 TT,GLOBAL UNICHIP CORP,2020-02-01 00:00:00+08:00,2020,1,2,206.30987548828125,211.83603286743164,234.8616886138916,202.62577056884766,26222094,134011000,27647792724.06006,27.647792724060057,,,,,,,,56.36161,42.66404,7.880778,18.793728,,,,8.279511474130597,Technology,Semiconductors,Taiwan,,2020-Q1
3443 TT,GLOBAL UNICHIP CORP,2020-03-01 00:00:00+08:00,2020,1,3,169.00831604003906,202.6257739989569,216.44116768070398,142.75906804471964,31884473,134011000,22648973440.841675,22.648973440841676,,,,,,,,56.36161,42.66404,7.880778,18.793728,,,,-8.707953170593719,Technology,Semiconductors,Taiwan,,2020-Q1
3443 TT,GLOBAL UNICHIP CORP,2020-04-01 00:00:00+08:00,2020,2,4,223.34889221191406,170.38987653280043,231.6381294486449,168.08731063370854,36091875,134011000,29931208394.210815,29.931208394210817,,,,,,,,56.36161,42.66404,7.880778,18.793728,,,,9.218080871142465,Technology,Semiconductors,Taiwan,,2020-Q2
3443 TT,GLOBAL UNICHIP CORP,2020-05-01 00:00:00+08:00,2020,2,5,212.757080078125,223.34888276599702,223.34888276599702,197.56014578683036,34147088,134011000,28511789058.34961,28.51178905834961,,,,,,,,56.36161,42.66404,7.880778,18.793728,,,,3.3557057924642697,Technology,Semiconductors,Taiwan,,2020-Q2
3443 TT,GLOBAL UNICHIP CORP,2020-06-01 00:00:00+08:00,2020,2,6,232.55914306640625,210.91502480081994,246.8350508586015,193.87603808110305,74860569,134011000,31165483321.472168,31.165483321472166,,,,,,,,56.36161,42.66404,7.880778,18.793728,,,,13.972965046237551,Technology,Semiconductors,Taiwan,,2020-Q2
3443 TT,GLOBAL UNICHIP CORP,2020-07-01 00:00:00+08:00,2020,3,7,275.3603820800781,240.52847050071782,327.6082494491186,238.64566446940105,170027543,134011000,36901320162.93335,36.90132016293335,,,,,,,,56.36161,42.66404,7.880778,18.793728,,,,16.557994067729776,Technology,Semiconductors,Taiwan,,2020-Q3
3443 TT,GLOBAL UNICHIP CORP,2020-08-01 00:00:00+08:00,2020,3,8,249.0010986328125,282.4209058217155,303.1317722486413,246.17688957459535,60838911,134011000,33368886228.881836,33.368886228881834,,,,,,,,56.36161,42.66404,7.880778,18.793728,,,,14.072472297370563,Technology,Semiconductors,Taiwan,,2020-Q3
3443 TT,GLOBAL UNICHIP CORP,2020-09-01 00:00:00+08:00,2020,3,9,244.76475524902344,249.00106832064114,259.8272017258864,238.64563636779786,37469382,134011000,32801169615.67688,32.801169615676876,,,,,,,,56.36161,42.66404,7.880778,18.793728,,,,6.3008748453869945,Technology,Semiconductors,Taiwan,,2020-Q3
3443 TT,GLOBAL UNICHIP CORP,2020-10-01 00:00:00+08:00,2020,4,10,243.8233642578125,244.76476720861487,263.5928262246622,240.52845393000425,30466746,134011000,32675012867.55371,32.67501286755371,,,,,,,,56.36161,42.66404,7.880778,18.793728,,,,-1.035481529289406,Technology,Semiconductors,Taiwan,,2020-Q4
3443 TT,GLOBAL UNICHIP CORP,2020-11-01 00:00:00+08:00,2020,4,11,310.6629638671875,242.4112521084872,332.31523104580964,237.23353604403408,116852575,134011000,41632254450.805664,41.63225445080566,,,,,,,,56.36161,42.66404,7.880778,18.793728,,,,26.566936300046496,Technology,Semiconductors,Taiwan,,2020-Q4
3443 TT,GLOBAL UNICHIP CORP,2020-12-01 00:00:00+08:00,2020,4,12,319.1356201171875,311.13369453902794,329.96175472293277,289.0107238229397,100684619,134011000,42767683587.524414,42.76768358752442,,,,,,,,56.36161,42.66404,7.880778,18.793728,,,,43.775941611005706,Technology,Semiconductors,Taiwan,,2020-Q4
3443 TT,GLOBAL UNICHIP CORP,2021-01-01 00:00:00+08:00,2021,1,1,371.8541564941406,319.13559253547766,421.7485116693038,319.13559253547766,171690404,134011000,49832547365.93628,49.83254736593628,,,,,,,,56.36161,42.66404,7.880778,18.793728,,,,69.2825690558803,Technology,Semiconductors,Taiwan,,2021-Q1
3443 TT,GLOBAL UNICHIP CORP,2021-02-01 00:00:00+08:00,2021,1,2,422.68994140625,371.854180078995,483.88113559646433,360.5573442284939,81430931,134011000,56645101737.79297,56.64510173779297,,,,,,,,56.36161,42.66404,7.880778,18.793728,,,,104.88109956241986,Technology,Semiconductors,Taiwan,,2021-Q1
3443 TT,GLOBAL UNICHIP CORP,2021-03-01 00:00:00+08:00,2021,1,3,375.1490478515625,422.6898933133038,437.7523394001921,350.67257296036894,69298520,134011000,50274099051.63574,50.274099051635744,,,,,,,,56.36161,42.66404,7.880778,18.793728,,,,121.97076252903881,Technology,Semiconductors,Taiwan,,2021-Q1
3443 TT,GLOBAL UNICHIP CORP,2021-04-01 00:00:00+08:00,2021,2,4,378.9147033691406,378.44400187427215,414.21731548427795,366.2057630076912,70216752,134011000,50778738313.201904,50.778738313201906,,,,,,,,56.36161,42.66404,7.880778,18.793728,,,,69.65148097068925,Technology,Semiconductors,Taiwan,,2021-Q2
3443 TT,GLOBAL UNICHIP CORP,2021-05-01 00:00:00+08:00,2021,2,5,338.9050598144531,379.8560878753662,381.26819229125977,283.36228612263994,54419895,134011000,45417005970.79468,45.417005970794676,,,,,,,,56.36161,42.66404,7.880778,18.793728,,,,59.29202435472711,Technology,Semiconductors,Taiwan,,2021-Q2
3443 TT,GLOBAL UNICHIP CORP,2021-06-01 00:00:00+08:00,2021,2,6,388.79937744140625,343.1413391704421,408.09813588583444,322.43047644959233,48470291,134011000,52103393370.30029,52.103393370300296,,,,,,,,56.36161,42.66404,7.880778,18.793728,,,,67.18301087409249,Technology,Semiconductors,Taiwan,,2021-Q2
3443 TT,GLOBAL UNICHIP CORP,2021-07-01 00:00:00+08:00,2021,3,7,393.00164794921875,397.29935734356013,448.8718700756569,384.406229160536,54553528,134011000,52666543843.322754,52.666543843322756,,,,,,,,56.36161,42.66404,7.880778,18.793728,,,,42.72265493695065,Technology,Semiconductors,Taiwan,,2021-Q3
3443 TT,GLOBAL UNICHIP CORP,2021-08-01 00:00:00+08:00,2021,3,8,413.0576171875,387.74888457369946,421.6530358110549,345.72683796965316,43244373,134011000,55354264336.91406,55.35426433691406,,,,,,,,56.36161,42.66404,7.880778,18.793728,,,,65.88586132971732,Technology,Semiconductors,Taiwan,,2021-Q3
3443 TT,GLOBAL UNICHIP CORP,2021-09-01 00:00:00+08:00,2021,3,9,478.4783020019531,407.32733693379845,487.07372060079064,407.32733693379845,77412804,134011000,64121355729.58374,64.12135572958374,,,,,,,,56.36161,42.66404,7.880778,18.793728,,,,95.4849673986558,Technology,Semiconductors,Taiwan,,2021-Q3
3443 TT,GLOBAL UNICHIP CORP,2021-10-01 00:00:00+08:00,2021,4,10,571.1177978515625,468.4503007461395,601.6792853620141,418.7878835416558,91100450,134011000,76536067207.88574,76.53606720788574,,,,,,,,56.36161,42.66404,7.880778,18.793728,,,,134.23423739149024,Technology,Semiconductors,Taiwan,,2021-Q4
3443 TT,GLOBAL UNICHIP CORP,2021-11-01 00:00:00+08:00,2021,4,11,562.5223999023438,581.6233302895201,610.2747258702847,527.1856786860675,57064954,134011000,75384189333.31299,75.38418933331299,,,,,,,,56.36161,42.66404,7.880778,18.793728,,,,81.07160019976808,Technology,Semiconductors,Taiwan,,2021-Q4
3443 TT,GLOBAL UNICHIP CORP,2021-12-01 00:00:00+08:00,2021,4,12,559.6572265625,558.7021801007892,631.2857111908063,536.736111481442,32563950,134011000,75000224588.86719,75.00022458886718,,,,,,,,56.36161,42.66404,7.880778,18.793728,,,,75.36658125376047,Technology,Semiconductors,Taiwan,,2021-Q4
3443 TT,GLOBAL UNICHIP CORP,2022-01-01 00:00:00+08:00,2022,1,1,451.2594909667969,565.387552703373,571.117831953745,445.0516884455605,27335440,134011000,60473735643.951416,60.473735643951414,,,,,,,,56.36161,42.66404,7.880778,18.793728,,,,21.353891864835852,Technology,Semiconductors,Taiwan,,2022-Q1
3443 TT,GLOBAL UNICHIP CORP,2022-02-01 00:00:00+08:00,2022,1,2,436.45623779296875,451.2594581119863,464.6301087227118,416.8777851129778,28766029,134011000,58489936882.873535,58.489936882873536,,,,,,,,56.36161,42.66404,7.880778,18.793728,,,,3.2568308441217164,Technology,Semiconductors,Taiwan,,2022-Q1
3443 TT,GLOBAL UNICHIP CORP,2022-03-01 00:00:00+08:00,2022,1,3,482.29852294921875,439.32142684483296,511.90496693224014,406.8498431215192,37134381,134011000,64633307358.947754,64.63330735894776,,,,,,,,56.36161,42.66404,7.880778,18.793728,,,,28.561841143217492,Technology,Semiconductors,Taiwan,,2022-Q1
3443 TT,GLOBAL UNICHIP CORP,2022-04-01 00:00:00+08:00,2022,2,4,395.8667907714844,476.5682233895553,487.07373532800244,347.6369405086135,29975464,134011000,53050504498.07739,53.050504498077395,,,,,,,,56.36161,42.66404,7.880778,18.793728,,,,4.473853152599605,Technology,Semiconductors,Taiwan,,2022-Q2
3443 TT,GLOBAL UNICHIP CORP,2022-05-01 00:00:00+08:00,2022,2,5,528.1406860351562,395.8667529142355,553.9269401453718,388.2263813260235,101752754,134011000,70776661476.25732,70.77666147625733,,,,,,,,56.36161,42.66404,7.880778,18.793728,,,,55.837356433777515,Technology,Semiconductors,Taiwan,,2022-Q2
3443 TT,GLOBAL UNICHIP CORP,2022-06-01 00:00:00+08:00,2022,2,6,459.3773498535156,531.9608812233018,565.3875075120193,444.5741296399408,73338952,134011000,61561618031.21948,61.56161803121948,,,,,,,,56.36161,42.66404,7.880778,18.793728,,,,18.152799748951697,Technology,Semiconductors,Taiwan,,2022-Q2
3443 TT,GLOBAL UNICHIP CORP,2022-07-01 00:00:00+08:00,2022,3,7,488.3380126953125,462.22885162051364,546.35837063931,411.94454140238247,122077540,134011000,65442665419.31152,65.44266541931152,,,,,,,,56.36161,42.66404,7.880778,18.793728,,,,24.258515261598212,Technology,Semiconductors,Taiwan,,2022-Q3
3443 TT,GLOBAL UNICHIP CORP,2022-08-01 00:00:00+08:00,2022,3,8,524.1171875,496.07401695110696,599.5436462177122,482.0524316766605,116075877,134011000,70237468414.0625,70.2374684140625,,,,,,,,56.36161,42.66404,7.880778,18.793728,,,,26.887186119142914,Technology,Semiconductors,Taiwan,,2022-Q3
3443 TT,GLOBAL UNICHIP CORP,2022-09-01 00:00:00+08:00,2022,3,9,569.5665283203125,521.2162288024591,599.5437140213816,498.00808503388953,115310256,134011000,76328180026.7334,76.32818002673339,,,,,,,,56.36161,42.66404,7.880778,18.793728,,,,19.037065199664482,Technology,Semiconductors,Taiwan,,2022-Q3
3443 TT,GLOBAL UNICHIP CORP,2022-10-01 00:00:00+08:00,2022,4,10,471.4154052734375,563.7644744090545,595.6756710737179,370.3632825020032,214249080,134011000,63174849876.09863,63.174849876098634,,,,,,,,56.36161,42.66404,7.880778,18.793728,,,,-17.4574129808573,Technology,Semiconductors,Taiwan,,2022-Q4
3443 TT,GLOBAL UNICHIP CORP,2022-11-01 00:00:00+08:00,2022,4,11,706.88134765625,467.06387266479993,733.9575141875428,462.2288429270691,197592582,134011000,94729876280.76172,94.72987628076172,,,,,,,,56.36161,42.66404,7.880778,18.793728,,,,25.662790989117525,Technology,Semiconductors,Taiwan,,2022-Q4
3443 TT,GLOBAL UNICHIP CORP,2022-12-01 00:00:00+08:00,2022,4,12,619.850830078125,728.1554992961437,794.8789115822445,609.2137643513553,150650843,134011000,83066829589.59961,83.0668295895996,,,,,,,,56.36161,42.66404,7.880778,18.793728,,,,10.755441126945374,Technology,Semiconductors,Taiwan,,2022-Q4
3443 TT,GLOBAL UNICHIP CORP,2023-01-01 00:00:00+08:00,2023,1,1,756.1986694335938,619.8508275024726,756.1986694335938,615.9828036179018,88024562,134011000,101338939889.46533,101.33893988946534,,,,,,,,56.36161,42.66404,7.880778,18.793728,,,,67.5751279631776,Technology,Semiconductors,Taiwan,,2023-Q1
3443 TT,GLOBAL UNICHIP CORP,2023-02-01 00:00:00+08:00,2023,1,2,1121.726806640625,762.9676296891838,1136.2318946575297,758.1326003502155,157817020,134011000,150323731084.7168,150.3237310847168,,,,,,,,56.36161,42.66404,7.880778,18.793728,,,,157.00785313846555,Technology,Semiconductors,Taiwan,,2023-Q1
3443 TT,GLOBAL UNICHIP CORP,2023-03-01 00:00:00+08:00,2023,1,3,1049.201416015625,1092.7166821176554,1189.4172734555011,967.0059133784562,147708673,134011000,140604530961.66992,140.60453096166992,,,,,,,,56.36161,42.66404,7.880778,18.793728,,,,117.54190943812937,Technology,Semiconductors,Taiwan,,2023-Q1
3443 TT,GLOBAL UNICHIP CORP,2023-04-01 00:00:00+08:00,2023,2,4,963.1378784179688,1049.2014036982894,1083.046610269202,890.6124357660133,80871608,134011000,129071070224.67041,129.07107022467042,,,,,,,,56.36161,42.66404,7.880778,18.793728,,,,143.29847839495682,Technology,Semiconductors,Taiwan,,2023-Q2
3443 TT,GLOBAL UNICHIP CORP,2023-05-01 00:00:00+08:00,2023,2,5,1445.673828125,963.1378814799331,1489.189093854515,963.1378814799331,130656997,134011000,193736195380.85938,193.73619538085939,,,,,,,,56.36161,42.66404,7.880778,18.793728,,,,173.7289260893578,Technology,Semiconductors,Taiwan,,2023-Q2
3443 TT,GLOBAL UNICHIP CORP,2023-06-01 00:00:00+08:00,2023,2,6,1552.04443359375,1426.3336695020444,1668.0851389091706,1319.9630229629088,77791300,134011000,207991026590.33203,207.99102659033204,,,,,,,,56.36161,42.66404,7.880778,18.793728,,,,237.85828449936847,Technology,Semiconductors,Taiwan,,2023-Q2
3443 TT,GLOBAL UNICHIP CORP,2023-07-01 00:00:00+08:00,2023,3,7,1595.607421875,1590.7278884747707,1966.4519602924313,1512.6553540711009,76931311,134011000,213828946212.89062,213.82894621289063,,,,,,,,56.36161,42.66404,7.880778,18.793728,,,,226.74241619411742,Technology,Semiconductors,Taiwan,,2023-Q3
3443 TT,GLOBAL UNICHIP CORP,2023-08-01 00:00:00+08:00,2023,3,8,1424.8238525390625,1463.8601224716394,1522.414527370505,1195.4857666851724,117853076,134011000,190942069302.6123,190.9420693026123,,,,,,,,56.36161,42.66404,7.880778,18.793728,,,,171.85215186995993,Technology,Semiconductors,Taiwan,,2023-Q3
3443 TT,GLOBAL UNICHIP CORP,2023-09-01 00:00:00+08:00,2023,3,9,1332.1126708984375,1434.5828763521636,1493.1372794685783,1263.7992005959536,59838243,134011000,178517751139.7705,178.5177511397705,,,,,,,,56.36161,42.66404,7.880778,18.793728,,,,133.881839023603,Technology,Semiconductors,Taiwan,,2023-Q3
3443 TT,GLOBAL UNICHIP CORP,2023-10-01 00:00:00+08:00,2023,4,10,1400.4261474609375,1366.269412157012,1722.4753660408046,1356.5103449273192,90816399,134011000,187672508447.3877,187.67250844738768,,,,,,,,56.36161,42.66404,7.880778,18.793728,,,,197.06838847335527,Technology,Semiconductors,Taiwan,,2023-Q4
3443 TT,GLOBAL UNICHIP CORP,2023-11-01 00:00:00+08:00,2023,4,11,1610.24609375,1439.4624171401515,1746.873035037879,1405.305681818182,82610256,134011000,215790689269.53125,215.79068926953124,,,,,,,,56.36161,42.66404,7.880778,18.793728,,,,127.79581029955938,Technology,Semiconductors,Taiwan,,2023-Q4
3443 TT,GLOBAL UNICHIP CORP,2023-12-01 00:00:00+08:00,2023,4,12,1698.0777587890625,1605.3666167862114,1849.3433062673985,1537.053143731479,73732196,134011000,227561098533.08105,227.56109853308106,,,,,,,,56.36161,42.66404,7.880778,18.793728,,,,173.94942079452238,Technology,Semiconductors,Taiwan,,2023-Q4
3443 TT,GLOBAL UNICHIP CORP,2024-01-01 00:00:00+08:00,2024,1,1,1507.77587890625,1698.0776888652913,1834.7046293487053,1483.3782109627832,82101062,134011000,202058553308.10547,202.05855330810547,,,,,,,,56.36161,42.66404,7.880778,18.793728,,,,99.3888563749525,Technology,Semiconductors,Taiwan,,2024-Q1
3443 TT,GLOBAL UNICHIP CORP,2024-02-01 00:00:00+08:00,2024,1,2,1551.691650390625,1498.0167819808864,1566.3302508660083,1366.2693777024372,55745024,134011000,207943749760.49805,207.94374976049804,,,,,,,,56.36161,42.66404,7.880778,18.793728,,,,38.33062036180355,Technology,Semiconductors,Taiwan,,2024-Q1
3443 TT,GLOBAL UNICHIP CORP,2024-03-01 00:00:00+08:00,2024,1,3,1210.124267578125,1551.691601168725,1580.9688011907763,1185.7266008930821,52886791,134011000,162169963222.4121,162.16996322241212,,,,,,,,56.36161,42.66404,7.880778,18.793728,,,,15.337651008288722,Technology,Semiconductors,Taiwan,,2024-Q1
3443 TT,GLOBAL UNICHIP CORP,2024-04-01 00:00:00+08:00,2024,2,4,1336.9921875,1224.7629162864964,1376.0284557481752,1063.7383097627737,63250776,134011000,179171660039.0625,179.1716600390625,6719781000.0,6719.781,2052861000.0,907392000.0,991237000.0,1258656000.0,6.665829587268637,56.36161,42.66404,7.880778,18.793728,,,,38.816281392246445,Technology,Semiconductors,Taiwan,,2024-Q2
3443 TT,GLOBAL UNICHIP CORP,2024-05-01 00:00:00+08:00,2024,2,5,1419.9443359375,1327.2331937285223,1541.9326809493127,1215.0039163176546,57721271,134011000,190288160403.3203,190.28816040332032,6719781000.0,6719.781,2052861000.0,907392000.0,991237000.0,1258656000.0,7.079403346750449,56.36161,42.66404,7.880778,18.793728,,0.0,,-1.779757763261891,Technology,Semiconductors,Taiwan,,2024-Q2
3443 TT,GLOBAL UNICHIP CORP,2024-06-01 00:00:00+08:00,2024,2,6,1566.3302001953125,1473.6190668504187,1649.282266872323,1434.5828001788843,60426611,134011000,209905476458.37402,209.905476458374,6719781000.0,6719.781,2052861000.0,907392000.0,991237000.0,1258656000.0,7.809237996683747,56.36161,42.66404,7.880778,18.793728,,0.0,,0.9204482998263153,Technology,Semiconductors,Taiwan,,2024-Q2
3443 TT,GLOBAL UNICHIP CORP,2024-07-01 00:00:00+08:00,2024,3,7,1133.1962890625,1601.2556258491848,1616.0364470108696,1064.2191236413043,59197827,134011000,151860767893.5547,151.86076789355468,6611397000.0,6611.397,2366393000.0,1033650000.0,1262062000.0,1362678000.0,5.7423857580158435,56.36161,42.66404,7.880778,18.793728,,-1.6129097064323972,,-28.980257077841877,Technology,Semiconductors,Taiwan,,2024-Q3
3443 TT,GLOBAL UNICHIP CORP,2024-08-01 00:00:00+08:00,2024,3,8,1098.707763671875,1157.831051403097,1197.246576557245,849.404567071889,54386156,134011000,147238926117.43164,147.23892611743165,6611397000.0,6611.397,2366393000.0,1033650000.0,1262062000.0,1362678000.0,5.567617786279951,56.36161,42.66404,7.880778,18.793728,,0.0,-1.6129097064323972,-22.888168827749666,Technology,Semiconductors,Taiwan,,2024-Q3
3443 TT,GLOBAL UNICHIP CORP,2024-09-01 00:00:00+08:00,2024,3,9,1083.9268798828125,1113.4885220614347,1202.173448597301,948.9287139337714,28673795,134011000,145258125099.9756,145.2581250999756,6611397000.0,6611.397,2366393000.0,1033650000.0,1262062000.0,1362678000.0,5.492716785120285,56.36161,42.66404,7.880778,18.793728,,0.0,-1.6129097064323972,-18.630990939245194,Technology,Semiconductors,Taiwan,,2024-Q3
3443 TT,GLOBAL UNICHIP CORP,2024-10-01 00:00:00+08:00,2024,4,10,1216.954345703125,1093.7808289315537,1305.6392777786564,1014.949778197748,34952680,134011000,163085268822.02148,163.08526882202148,6022643000.0,6022.643,1999492000.0,846897000.0,951280000.0,1138864000.0,6.769671920700824,56.36161,42.66404,7.880778,18.793728,,-8.905137597999335,-10.374415475742438,-13.101140827058867,Technology,Semiconductors,Taiwan,,2024-Q4
3443 TT,GLOBAL UNICHIP CORP,2024-11-01 00:00:00+08:00,2024,4,11,1172.61181640625,1113.4885315454308,1290.8583861278887,1098.7077103302258,40796239,134011000,157142882128.41797,157.14288212841797,6022643000.0,6022.643,1999492000.0,846897000.0,951280000.0,1138864000.0,6.523003361166268,56.36161,42.66404,7.880778,18.793728,,0.0,-8.905137597999335,-27.178098990109724,Technology,Semiconductors,Taiwan,,2024-Q4
3443 TT,GLOBAL UNICHIP CORP,2024-12-01 00:00:00+08:00,2024,4,12,1340.1278076171875,1187.3926530725817,1478.082140754251,1152.9040697883158,62850896,134011000,179591867626.5869,179.59186762658692,6022643000.0,6022.643,1999492000.0,846897000.0,951280000.0,1138864000.0,7.454861081197529,56.36161,42.66404,7.880778,18.793728,,0.0,-8.905137597999335,-21.079714949398852,Technology,Semiconductors,Taiwan,,2024-Q4
3443 TT,GLOBAL UNICHIP CORP,2025-01-01 00:00:00+08:00,2025,1,1,1300.7122802734375,1345.0547443736682,1349.9816848292494,1157.8310070615826,26053289,134011000,174309753391.72363,174.30975339172363,7023644000.0,7023.644,1972615000.0,961368000.0,948614000.0,1304782000.0,6.204391673030539,56.36161,42.66404,7.880778,18.793728,,16.620626525596816,6.235399265843511,-13.733048892055344,Technology,Semiconductors,Taiwan,,2025-Q1
3443 TT,GLOBAL UNICHIP CORP,2025-02-01 00:00:00+08:00,2025,1,2,1320.4200439453125,1212.0273537706973,1468.2282578197878,1212.0273537706973,42962885,134011000,176950810509.15527,176.95081050915527,7023644000.0,7023.644,1972615000.0,961368000.0,948614000.0,1304782000.0,6.298397616292742,56.36161,42.66404,7.880778,18.793728,,0.0,16.620626525596816,-14.904482239566851,Technology,Semiconductors,Taiwan,,2025-Q1
3443 TT,GLOBAL UNICHIP CORP,2025-03-01 00:00:00+08:00,2025,1,3,1034.657470703125,1295.785308547247,1325.3469505673363,1024.803590029762,28326450,134011000,138655482306.39648,138.6554823063965,7023644000.0,7023.644,1972615000.0,961368000.0,948614000.0,1304782000.0,4.935311438990803,56.36161,42.66404,7.880778,18.793728,,0.0,16.620626525596816,-14.499899024929853,Technology,Semiconductors,Taiwan,,2025-Q1
3443 TT,GLOBAL UNICHIP CORP,2025-04-01 00:00:00+08:00,2025,2,4,1010.0228271484375,1059.2922333508002,1093.7808176924543,804.0767092225609,35383583,134011000,135354169088.98926,135.35416908898927,6104577000.0,6104.577,2033918000.0,781665000.0,943662000.0,1099572000.0,5.543142837291972,56.36161,42.66404,7.880778,18.793728,,-13.085330065134283,1.3604326206949402,-24.455592441639638,Technology,Semiconductors,Taiwan,,2025-Q2
3443 TT,GLOBAL UNICHIP CORP,2025-05-01 00:00:00+08:00,2025,2,5,1147.9771728515625,1039.5844784192261,1177.5388167876542,1024.8036564511801,24319025,134011000,153841568911.01074,153.84156891101074,6104577000.0,6104.577,2033918000.0,781665000.0,943662000.0,1099572000.0,6.300255075454481,56.36161,42.66404,7.880778,18.793728,,0.0,-13.085330065134283,-19.153367931593934,Technology,Semiconductors,Taiwan,,2025-Q2
3443 TT,GLOBAL UNICHIP CORP,2025-06-01 00:00:00+08:00,2025,2,6,1285.9315185546875,1128.269416662925,1320.4201033435106,1014.9497809282208,35626818,134011000,172328968733.03223,172.3289687330322,6104577000.0,6104.577,2033918000.0,781665000.0,943662000.0,1099572000.0,7.0573673136169885,56.36161,42.66404,7.880778,18.793728,,0.0,-13.085330065134283,-17.90163284891403,Technology,Semiconductors,Taiwan,,2025-Q2
3443 TT,GLOBAL UNICHIP CORP,2025-07-01 00:00:00+08:00,2025,3,7,1215.0,1320.0,1345.0,1160.0,32406895,134011000,162823365000.0,162.823365,,,,,,,,56.36161,42.66404,7.880778,18.793728,,0.0,-13.085330065134283,7.218847407731688,Technology,Semiconductors,Taiwan,,2025-Q3
3443 TT,GLOBAL UNICHIP CORP,2025-08-01 00:00:00+08:00,2025,3,8,1330.0,1240.0,1415.0,1160.0,52416683,134011000,178234630000.0,178.23463,,,,,,,,56.36161,42.66404,7.880778,18.793728,,0.0,0.0,21.051297167059936,Technology,Semiconductors,Taiwan,,2025-Q3
3443 TT,GLOBAL UNICHIP CORP,2025-09-01 00:00:00+08:00,2025,3,9,1340.0,1350.0,1435.0,1230.0,47492476,134011000,179574740000.0,179.57474,,,,,,,,56.36161,42.66404,7.880778,18.793728,,0.0,0.0,23.624575132307136,Technology,Semiconductors,Taiwan,,2025-Q3
3443 TT,GLOBAL UNICHIP CORP,2025-10-01 00:00:00+08:00,2025,4,10,1515.0,1355.0,1550.0,1340.0,26966699,134011000,203026665000.0,203.026665,,,,,,,,56.36161,42.66404,7.880778,18.793728,,0.0,0.0,24.491112205583356,Technology,Semiconductors,Taiwan,,2025-Q4
