ticker,company_name,date,year,quarter,month,close_price,open_price,high_price,low_price,volume,shares_outstanding,market_cap,market_cap_billions,revenue,revenue_millions,gross_profit,net_income,operating_income,ebitda,ps_ratio,current_pe,forward_pe,current_ps,current_pb,peg_ratio,revenue_qoq_pct,revenue_yoy_pct,market_cap_yoy_pct,sector,industry,country,employees,year_quarter
3661 TT,ALCHIP TECHNOLOGIES LTD,2015-01-01 00:00:00+08:00,2015,1,1,75.5225830078125,90.26959625785872,97.41966328818417,74.98632934430515,24437971,80995217,6116967999.118286,6.116967999118286,,,,,,,,44.948853,39.133823,5.9904075,8.100609,,,,,Technology,Semiconductors,Taiwan,,2015-Q1
3661 TT,ALCHIP TECHNOLOGIES LTD,2015-02-01 00:00:00+08:00,2015,1,2,63.456851959228516,75.52259141626492,75.88009617135172,60.686202040268846,11860843,80995217,5139701494.574589,5.139701494574589,,,,,,,,44.948853,39.133823,5.9904075,8.100609,,,,,Technology,Semiconductors,Taiwan,,2015-Q1
3661 TT,ALCHIP TECHNOLOGIES LTD,2015-03-01 00:00:00+08:00,2015,1,3,51.48048782348633,63.45685299123269,67.38939172347068,47.90545385214928,17631222,80995217,4169673282.529133,4.169673282529133,,,,,,,,44.948853,39.133823,5.9904075,8.100609,,,,,Technology,Semiconductors,Taiwan,,2015-Q1
3661 TT,ALCHIP TECHNOLOGIES LTD,2015-04-01 00:00:00+08:00,2015,2,4,53.44675064086914,50.49734865778472,56.66428286648478,48.62045741657217,15160136,80995217,4328931166.102085,4.328931166102085,,,,,,,,44.948853,39.133823,5.9904075,8.100609,,,,,Technology,Semiconductors,Taiwan,,2015-Q2
3661 TT,ALCHIP TECHNOLOGIES LTD,2015-05-01 00:00:00+08:00,2015,2,5,39.504127502441406,53.4467591341651,53.89363839684109,36.01846788980138,12732932,80995217,3199645379.4559097,3.1996453794559097,,,,,,,,44.948853,39.133823,5.9904075,8.100609,,,,,Technology,Semiconductors,Taiwan,,2015-Q2
3661 TT,ALCHIP TECHNOLOGIES LTD,2015-06-01 00:00:00+08:00,2015,2,6,40.666011810302734,39.59350092682871,42.40884156977076,36.644098554338726,7186045,80995217,3293752451.100033,3.293752451100033,,,,,,,,44.948853,39.133823,5.9904075,8.100609,,,,,Technology,Semiconductors,Taiwan,,2015-Q2
3661 TT,ALCHIP TECHNOLOGIES LTD,2015-07-01 00:00:00+08:00,2015,3,7,38.34223937988281,42.90040617187763,48.1735824609381,37.359103026126505,6679472,80995217,3105537998.839554,3.1055379988395537,,,,,,,,44.948853,39.133823,5.9904075,8.100609,,,,,Technology,Semiconductors,Taiwan,,2015-Q3
3661 TT,ALCHIP TECHNOLOGIES LTD,2015-08-01 00:00:00+08:00,2015,3,8,30.834665298461914,38.25285945649818,38.25285945649818,29.494027676789656,3589927,80995217,2497460406.9712925,2.4974604069712925,,,,,,,,44.948853,39.133823,5.9904075,8.100609,,,,,Technology,Semiconductors,Taiwan,,2015-Q3
3661 TT,ALCHIP TECHNOLOGIES LTD,2015-09-01 00:00:00+08:00,2015,3,9,34.74931716918945,31.561306547232835,41.12533841310268,31.515760758623077,10349649,80995217,2814528484.7203255,2.8145284847203254,,,,,,,,44.948853,39.133823,5.9904075,8.100609,,,,,Technology,Semiconductors,Taiwan,,2015-Q3
3661 TT,ALCHIP TECHNOLOGIES LTD,2015-10-01 00:00:00+08:00,2015,4,10,37.89178466796875,34.74931961357059,43.26586148430243,34.74931961357059,19889479,80995217,3069053321.699402,3.069053321699402,,,,,,,,44.948853,39.133823,5.9904075,8.100609,,,,,Technology,Semiconductors,Taiwan,,2015-Q4
3661 TT,ALCHIP TECHNOLOGIES LTD,2015-11-01 00:00:00+08:00,2015,4,11,33.24639892578125,37.75515783119513,43.44803435958233,33.01868386464576,20339923,80995217,2692799295.462219,2.692799295462219,,,,,,,,44.948853,39.133823,5.9904075,8.100609,,,,,Technology,Semiconductors,Taiwan,,2015-Q4
3661 TT,ALCHIP TECHNOLOGIES LTD,2015-12-01 00:00:00+08:00,2015,4,12,31.15142059326172,33.61074391174534,34.61268877592279,27.781237043832768,5903651,80995217,2523116070.8095016,2.5231160708095017,,,,,,,,44.948853,39.133823,5.9904075,8.100609,,,,,Technology,Semiconductors,Taiwan,,2015-Q4
3661 TT,ALCHIP TECHNOLOGIES LTD,2016-01-01 00:00:00+08:00,2016,1,1,31.880107879638672,31.151420394463848,33.47411327362061,28.78318346165366,6678807,80995217,2582136255.694744,2.5821362556947443,,,,,,,,44.948853,39.133823,5.9904075,8.100609,,,,-57.78731789888489,Technology,Semiconductors,Taiwan,,2016-Q1
3661 TT,ALCHIP TECHNOLOGIES LTD,2016-02-01 00:00:00+08:00,2016,1,2,33.018680572509766,31.42467530349205,34.52160121601733,29.694039621553383,7745787,80995217,2674355198.0241127,2.674355198024113,,,,,,,,44.948853,39.133823,5.9904075,8.100609,,,,-47.96672139720308,Technology,Semiconductors,Taiwan,,2016-Q1
3661 TT,ALCHIP TECHNOLOGIES LTD,2016-03-01 00:00:00+08:00,2016,1,3,32.745426177978516,33.29194092969686,36.434409438717445,30.96924802290983,10941516,80995217,2652222899.0428505,2.6522228990428505,,,,,,,,44.948853,39.133823,5.9904075,8.100609,,,,-36.39254878420274,Technology,Semiconductors,Taiwan,,2016-Q1
3661 TT,ALCHIP TECHNOLOGIES LTD,2016-04-01 00:00:00+08:00,2016,2,4,36.707664489746094,32.97313914866111,42.81042837915214,31.88010623979415,34555011,80995217,2973145250.910179,2.973145250910179,,,,,,,,44.948853,39.133823,5.9904075,8.100609,,,,-31.319183954886054,Technology,Semiconductors,Taiwan,,2016-Q2
3661 TT,ALCHIP TECHNOLOGIES LTD,2016-05-01 00:00:00+08:00,2016,2,5,25.048654556274414,36.7076639820819,37.16309406492325,24.72985315081989,19964771,80995217,2028821211.3434849,2.0288212113434847,,,,,,,,44.948853,39.133823,5.9904075,8.100609,,,,-36.59231037383024,Technology,Semiconductors,Taiwan,,2016-Q2
3661 TT,ALCHIP TECHNOLOGIES LTD,2016-06-01 00:00:00+08:00,2016,2,6,22.22498893737793,25.50408606457454,25.777343434620928,21.086413666637995,9448874,80995217,1800117801.8055248,1.8001178018055248,,,,,,,,44.948853,39.133823,5.9904075,8.100609,,,,-45.347507788439614,Technology,Semiconductors,Taiwan,,2016-Q2
3661 TT,ALCHIP TECHNOLOGIES LTD,2016-07-01 00:00:00+08:00,2016,3,7,24.183338165283203,22.58933277901672,26.82483419524435,22.224989038192835,11330163,80995217,1958734722.481495,1.9587347224814948,,,,,,,,44.948853,39.133823,5.9904075,8.100609,,,,-36.92768456823213,Technology,Semiconductors,Taiwan,,2016-Q3
3661 TT,ALCHIP TECHNOLOGIES LTD,2016-08-01 00:00:00+08:00,2016,3,8,22.407161712646484,23.727907986490024,23.727907986490024,21.541843810523343,5231837,80995217,1814872925.2698936,1.8148729252698936,,,,,,,,44.948853,39.133823,5.9904075,8.100609,,,,-27.331263382436678,Technology,Semiconductors,Taiwan,,2016-Q3
3661 TT,ALCHIP TECHNOLOGIES LTD,2016-09-01 00:00:00+08:00,2016,3,9,24.668251037597656,22.67063401896471,26.387131457226594,21.555685850784588,7482364,80995217,1998010345.8006973,1.9980103458006973,,,,,,,,44.948853,39.133823,5.9904075,8.100609,,,,-29.010832306455203,Technology,Semiconductors,Taiwan,,2016-Q3
3661 TT,ALCHIP TECHNOLOGIES LTD,2016-10-01 00:00:00+08:00,2016,4,10,25.783203125,24.854078688063062,27.083976982278866,22.57772310870188,9107982,80995217,2088316132.0644531,2.088316132064453,,,,,,,,44.948853,39.133823,5.9904075,8.100609,,,,-31.955690789102785,Technology,Semiconductors,Taiwan,,2016-Q4
3661 TT,ALCHIP TECHNOLOGIES LTD,2016-11-01 00:00:00+08:00,2016,4,11,28.524118423461914,25.597375285829088,31.079210401153766,22.763546710345572,29345623,80995217,2310317161.4419956,2.3103171614419957,,,,,,,,44.948853,39.133823,5.9904075,8.100609,,,,-14.20388569860237,Technology,Semiconductors,Taiwan,,2016-Q4
3661 TT,ALCHIP TECHNOLOGIES LTD,2016-12-01 00:00:00+08:00,2016,4,12,29.035137176513672,28.33829388427734,30.98629697704408,26.20130849695159,20116172,80995217,2351707236.236492,2.3517072362364924,,,,,,,,44.948853,39.133823,5.9904075,8.100609,,,,-6.793537426045393,Technology,Semiconductors,Taiwan,,2016-Q4
3661 TT,ALCHIP TECHNOLOGIES LTD,2017-01-01 00:00:00+08:00,2017,1,1,27.687904357910156,29.03513534687056,29.4067847248777,26.48004343634595,8731516,80995217,2242587821.744179,2.242587821744179,,,,,,,,44.948853,39.133823,5.9904075,8.100609,,,,-13.149903813236497,Technology,Semiconductors,Taiwan,,2017-Q1
3661 TT,ALCHIP TECHNOLOGIES LTD,2017-02-01 00:00:00+08:00,2017,1,2,34.79570770263672,27.687904989782666,37.443710688970825,27.687904989782666,36298378,80995217,2818285896.0436325,2.8182858960436326,,,,,,,,44.948853,39.133823,5.9904075,8.100609,,,,5.381884131392112,Technology,Semiconductors,Taiwan,,2017-Q1
3661 TT,ALCHIP TECHNOLOGIES LTD,2017-03-01 00:00:00+08:00,2017,1,3,45.80582809448242,34.37759971042347,47.013688997064136,34.005948566093096,59328134,80995217,3710052986.3773003,3.7100529863773004,,,,,,,,44.948853,39.133823,5.9904075,8.100609,,,,39.88466006066857,Technology,Semiconductors,Taiwan,,2017-Q1
3661 TT,ALCHIP TECHNOLOGIES LTD,2017-04-01 00:00:00+08:00,2017,2,4,55.6545524597168,45.80583178478851,59.18522443798878,41.9035086322444,73790924,80995217,4507752553.512646,4.5077525535126455,,,,,,,,44.948853,39.133823,5.9904075,8.100609,,,,51.615618245784404,Technology,Semiconductors,Taiwan,,2017-Q2
3661 TT,ALCHIP TECHNOLOGIES LTD,2017-05-01 00:00:00+08:00,2017,2,5,52.68135070800781,55.6545493004229,60.02143085642373,52.12387397824544,57217244,80995217,4266937432.4481964,4.266937432448197,,,,,,,,44.948853,39.133823,5.9904075,8.100609,,,,110.3160893917622,Technology,Semiconductors,Taiwan,,2017-Q2
3661 TT,ALCHIP TECHNOLOGIES LTD,2017-06-01 00:00:00+08:00,2017,2,6,56.67658615112305,52.68135209851607,62.53007247432452,51.75222773538291,44264751,80995217,4590532394.129406,4.590532394129406,,,,,,,,44.948853,39.133823,5.9904075,8.100609,,,,155.01288801905545,Technology,Semiconductors,Taiwan,,2017-Q2
3661 TT,ALCHIP TECHNOLOGIES LTD,2017-07-01 00:00:00+08:00,2017,3,7,74.32994842529297,56.30493451442817,79.81178353938958,52.21678947763394,120649065,80995217,6020370302.305412,6.0203703023054125,,,,,,,,44.948853,39.133823,5.9904075,8.100609,,,,207.36016639753473,Technology,Semiconductors,Taiwan,,2017-Q3
3661 TT,ALCHIP TECHNOLOGIES LTD,2017-08-01 00:00:00+08:00,2017,3,8,75.25907135009766,75.16616033406333,82.32041489854844,63.08754394454149,150579522,80995217,6095624815.219643,6.095624815219643,,,,,,,,44.948853,39.133823,5.9904075,8.100609,,,,235.8706127765474,Technology,Semiconductors,Taiwan,,2017-Q3
3661 TT,ALCHIP TECHNOLOGIES LTD,2017-09-01 00:00:00+08:00,2017,3,9,80.46216583251953,75.16615996906246,86.68730311777647,68.47646051723363,112679984,80995217,6517050581.894905,6.517050581894905,,,,,,,,44.948853,39.133823,5.9904075,8.100609,,,,226.17701883236316,Technology,Semiconductors,Taiwan,,2017-Q3
3661 TT,ALCHIP TECHNOLOGIES LTD,2017-10-01 00:00:00+08:00,2017,4,10,108.70755004882812,90.96127620217804,122.17985326000768,89.93924082457843,262200716,80995217,8804791605.743195,8.804791605743194,,,,,,,,44.948853,39.133823,5.9904075,8.100609,,,,321.621586432846,Technology,Semiconductors,Taiwan,,2017-Q4
3661 TT,ALCHIP TECHNOLOGIES LTD,2017-11-01 00:00:00+08:00,2017,4,11,78.23226165771484,107.77841664143168,107.77841664143168,78.23226165771484,97272863,80995217,6336439009.3673935,6.3364390093673935,,,,,,,,44.948853,39.133823,5.9904075,8.100609,,,,174.26706233755692,Technology,Semiconductors,Taiwan,,2017-Q4
3661 TT,ALCHIP TECHNOLOGIES LTD,2017-12-01 00:00:00+08:00,2017,4,12,84.08576202392578,78.9755775915325,93.37700644645902,66.8969598422393,93583638,80995217,6810544541.738228,6.810544541738228,,,,,,,,44.948853,39.133823,5.9904075,8.100609,,,,189.60001639648593,Technology,Semiconductors,Taiwan,,2017-Q4
3661 TT,ALCHIP TECHNOLOGIES LTD,2018-01-01 00:00:00+08:00,2018,1,1,109.63668060302734,84.08575927605064,122.64442236948821,81.76294824632548,150248370,80995217,8880046736.60189,8.88004673660189,,,,,,,,44.948853,39.133823,5.9904075,8.100609,,,,295.9731989311977,Technology,Semiconductors,Taiwan,,2018-Q1
3661 TT,ALCHIP TECHNOLOGIES LTD,2018-02-01 00:00:00+08:00,2018,1,2,107.31385040283203,111.49490950943587,116.60509286195169,88.17389235477663,66010290,80995217,8691908600.482918,8.691908600482918,,,,,,,,44.948853,39.133823,5.9904075,8.100609,,,,208.41117335486783,Technology,Semiconductors,Taiwan,,2018-Q1
3661 TT,ALCHIP TECHNOLOGIES LTD,2018-03-01 00:00:00+08:00,2018,1,3,110.5657958984375,105.92017422203256,138.9040881245076,104.99104988675157,189224431,80995217,8955300631.571655,8.955300631571655,,,,,,,,44.948853,39.133823,5.9904075,8.100609,,,,141.37931895997266,Technology,Semiconductors,Taiwan,,2018-Q1
3661 TT,ALCHIP TECHNOLOGIES LTD,2018-04-01 00:00:00+08:00,2018,2,4,127.2900390625,111.49492472627738,130.07741218065692,105.45561630360402,101987271,80995217,10309884335.805664,10.309884335805664,,,,,,,,44.948853,39.133823,5.9904075,8.100609,,,,128.7145137940576,Technology,Semiconductors,Taiwan,,2018-Q2
3661 TT,ALCHIP TECHNOLOGIES LTD,2018-05-01 00:00:00+08:00,2018,2,5,123.57353210449219,127.29002931064232,141.69145598447412,117.06966199372944,117809559,80995217,10008865048.259811,10.008865048259812,,,,,,,,44.948853,39.133823,5.9904075,8.100609,,,,134.56788871912585,Technology,Semiconductors,Taiwan,,2018-Q2
3661 TT,ALCHIP TECHNOLOGIES LTD,2018-06-01 00:00:00+08:00,2018,2,6,125.43179321289062,124.50266881872106,153.30552503797742,122.17985783329716,89576453,80995217,10159375309.977203,10.159375309977204,,,,,,,,44.948853,39.133823,5.9904075,8.100609,,,,121.31148280250676,Technology,Semiconductors,Taiwan,,2018-Q2
3661 TT,ALCHIP TECHNOLOGIES LTD,2018-07-01 00:00:00+08:00,2018,3,7,111.95948028564453,126.360907210354,140.29777197620186,110.56579380905974,67527199,80995217,9068182400.943,9.068182400943002,,,,,,,,44.948853,39.133823,5.9904075,8.100609,,,,50.6249939056153,Technology,Semiconductors,Taiwan,,2018-Q3
3661 TT,ALCHIP TECHNOLOGIES LTD,2018-08-01 00:00:00+08:00,2018,3,8,105.920166015625,114.28228438527961,118.92790570175438,92.07621307479904,50583201,80995217,8579026831.111572,8.579026831111571,,,,,,,,44.948853,39.133823,5.9904075,8.100609,,,,40.74072947684273,Technology,Semiconductors,Taiwan,,2018-Q3
3661 TT,ALCHIP TECHNOLOGIES LTD,2018-09-01 00:00:00+08:00,2018,3,9,83.10484313964844,106.46049502026999,111.61937363358705,79.44672778260106,58551321,80995217,6731094803.8467865,6.731094803846786,,,,,,,,44.948853,39.133823,5.9904075,8.100609,,,,3.284372574098482,Technology,Semiconductors,Taiwan,,2018-Q3
3661 TT,ALCHIP TECHNOLOGIES LTD,2018-10-01 00:00:00+08:00,2018,4,10,65.00186157226562,83.10482803033126,84.69939451462461,57.77942853301256,33569714,80995217,5264839883.4496155,5.264839883449615,,,,,,,,44.948853,39.133823,5.9904075,8.100609,,,,-40.20483255940478,Technology,Semiconductors,Taiwan,,2018-Q4
3661 TT,ALCHIP TECHNOLOGIES LTD,2018-11-01 00:00:00+08:00,2018,4,11,78.88394165039062,65.93985064653238,83.57383125096324,65.47086168647512,67310629,80995217,6389221971.788727,6.389221971788727,,,,,,,,44.948853,39.133823,5.9904075,8.100609,,,,0.8330067147068299,Technology,Semiconductors,Taiwan,,2018-Q4
3661 TT,ALCHIP TECHNOLOGIES LTD,2018-12-01 00:00:00+08:00,2018,4,12,64.72047424316406,79.5405277294424,84.0428172961144,62.09413329545287,55233416,80995217,5242048855.667984,5.242048855667984,,,,,,,,44.948853,39.133823,5.9904075,8.100609,,,,-23.0304005275608,Technology,Semiconductors,Taiwan,,2018-Q4
3661 TT,ALCHIP TECHNOLOGIES LTD,2019-01-01 00:00:00+08:00,2019,1,1,72.13050842285156,64.72048091574956,74.56924975075492,60.21818372869404,63818726,80995217,5842226182.02919,5.84222618202919,,,,,,,,44.948853,39.133823,5.9904075,8.100609,,,,-34.20951088074089,Technology,Semiconductors,Taiwan,,2019-Q1
3661 TT,ALCHIP TECHNOLOGIES LTD,2019-02-01 00:00:00+08:00,2019,1,2,81.13507843017578,72.13049312234477,83.94901178613564,72.13049312234477,55648288,80995217,6571553283.764107,6.571553283764107,,,,,,,,44.948853,39.133823,5.9904075,8.100609,,,,-24.394588279506358,Technology,Semiconductors,Taiwan,,2019-Q1
3661 TT,ALCHIP TECHNOLOGIES LTD,2019-03-01 00:00:00+08:00,2019,1,3,69.78555297851562,81.13508345214099,82.07306129551834,68.9413714882354,39410654,80995217,5652296006.959869,5.65229600695987,,,,,,,,44.948853,39.133823,5.9904075,8.100609,,,,-36.88323553278756,Technology,Semiconductors,Taiwan,,2019-Q1
3661 TT,ALCHIP TECHNOLOGIES LTD,2019-04-01 00:00:00+08:00,2019,2,4,76.07001495361328,69.87936153725812,83.29244990286455,69.87936153725812,68204227,80995217,6161307368.361153,6.161307368361153,,,,,,,,44.948853,39.133823,5.9904075,8.100609,,,,-40.238831322643755,Technology,Semiconductors,Taiwan,,2019-Q2
3661 TT,ALCHIP TECHNOLOGIES LTD,2019-05-01 00:00:00+08:00,2019,2,5,80.9474868774414,76.06999803125404,83.29243137381917,69.8793459920573,70057933,80995217,6556359265.243019,6.556359265243019,,,,,,,,44.948853,39.133823,5.9904075,8.100609,,,,-34.49447830867758,Technology,Semiconductors,Taiwan,,2019-Q2
3661 TT,ALCHIP TECHNOLOGIES LTD,2019-06-01 00:00:00+08:00,2019,2,6,86.85676574707031,80.9475083429166,94.26679375183886,77.00799625060954,121527672,80995217,7034982589.602127,7.034982589602127,,,,,,,,44.948853,39.133823,5.9904075,8.100609,,,,-30.75378775805938,Technology,Semiconductors,Taiwan,,2019-Q2
3661 TT,ALCHIP TECHNOLOGIES LTD,2019-07-01 00:00:00+08:00,2019,3,7,94.73577117919922,88.63891461816165,100.36363877400314,81.79167284866872,81359547,80995217,7673144344.321587,7.673144344321587,,,,,,,,44.948853,39.133823,5.9904075,8.100609,,,,-15.383877329996631,Technology,Semiconductors,Taiwan,,2019-Q3
3661 TT,ALCHIP TECHNOLOGIES LTD,2019-08-01 00:00:00+08:00,2019,3,8,128.50299072265625,93.79780344719434,128.97197973989222,91.1714620881911,118743092,80995217,10408127618.73053,10.40812761873053,,,,,,,,44.948853,39.133823,5.9904075,8.100609,,,,21.320609244230138,Technology,Semiconductors,Taiwan,,2019-Q3
3661 TT,ALCHIP TECHNOLOGIES LTD,2019-09-01 00:00:00+08:00,2019,3,9,151.57339477539062,130.1915679261976,157.75036697626862,117.83762352444161,124544374,80995217,12276720001.25943,12.276720001259429,,,,,,,,44.948853,39.133823,5.9904075,8.100609,,,,82.38816060417611,Technology,Semiconductors,Taiwan,,2019-Q3
3661 TT,ALCHIP TECHNOLOGIES LTD,2019-10-01 00:00:00+08:00,2019,4,10,177.23159790039062,151.57340410247883,188.16008785135304,139.69461067751968,157394686,80995217,14354911731.198883,14.354911731198882,,,,,,,,44.948853,39.133823,5.9904075,8.100609,,,,172.65618801294474,Technology,Semiconductors,Taiwan,,2019-Q4
3661 TT,ALCHIP TECHNOLOGIES LTD,2019-11-01 00:00:00+08:00,2019,4,11,208.11642456054688,177.2315670344383,231.39885561869025,175.33096041744702,170357560,80995217,16856434968.545624,16.856434968545624,,,,,,,,44.948853,39.133823,5.9904075,8.100609,,,,163.8260971832615,Technology,Semiconductors,Taiwan,,2019-Q4
3661 TT,ALCHIP TECHNOLOGIES LTD,2019-12-01 00:00:00+08:00,2019,4,12,222.8461456298828,209.0667464331523,242.80251688032007,193.86189214710487,151820052,80995217,18049471922.90596,18.04947192290596,,,,,,,,44.948853,39.133823,5.9904075,8.100609,,,,244.32094053053137,Technology,Semiconductors,Taiwan,,2019-Q4
3661 TT,ALCHIP TECHNOLOGIES LTD,2020-01-01 00:00:00+08:00,2020,1,1,219.04493713378906,222.84615079337757,252.78070836263726,203.36493078798637,101662151,80995217,17741592215.902603,17.741592215902603,,,,,,,,44.948853,39.133823,5.9904075,8.100609,,,,203.6786263167303,Technology,Semiconductors,Taiwan,,2020-Q1
3661 TT,ALCHIP TECHNOLOGIES LTD,2020-02-01 00:00:00+08:00,2020,1,2,207.16610717773438,204.3151974459307,223.79641394658918,181.03276796953392,146328850,80995217,16779463805.905853,16.779463805905852,,,,,,,,44.948853,39.133823,5.9904075,8.100609,,,,155.33482087654593,Technology,Semiconductors,Taiwan,,2020-Q1
3661 TT,ALCHIP TECHNOLOGIES LTD,2020-03-01 00:00:00+08:00,2020,1,3,187.2097625732422,201.93946470463942,233.77462737572375,141.1200494524186,206910395,80995217,15163095344.13823,15.16309534413823,,,,,,,,44.948853,39.133823,5.9904075,8.100609,,,,168.26435355592454,Technology,Semiconductors,Taiwan,,2020-Q1
3661 TT,ALCHIP TECHNOLOGIES LTD,2020-04-01 00:00:00+08:00,2020,2,4,279.3891906738281,186.7346121340382,280.81464572828645,185.78430876439933,129002460,80995217,22629188126.081085,22.629188126081086,,,,,,,,44.948853,39.133823,5.9904075,8.100609,,,,267.27900059464537,Technology,Semiconductors,Taiwan,,2020-Q2
3661 TT,ALCHIP TECHNOLOGIES LTD,2020-05-01 00:00:00+08:00,2020,2,5,285.0910339355469,279.38921325683594,300.29588907877604,252.78071675618492,131772910,80995217,23091010158.363983,23.091010158363982,,,,,,,,44.948853,39.133823,5.9904075,8.100609,,,,252.19256944590404,Technology,Semiconductors,Taiwan,,2020-Q2
3661 TT,ALCHIP TECHNOLOGIES LTD,2020-06-01 00:00:00+08:00,2020,2,6,475.1517028808594,287.4667802429199,541.6729412841797,278.91404959106444,156842447,80995217,38485015282.75473,38.48501528275473,,,,,,,,44.948853,39.133823,5.9904075,8.100609,,,,447.0520330730669,Technology,Semiconductors,Taiwan,,2020-Q2
3661 TT,ALCHIP TECHNOLOGIES LTD,2020-07-01 00:00:00+08:00,2020,3,7,569.231689453125,477.0522672879278,569.231689453125,429.53710122339317,102365261,80995217,46105044210.53247,46.10504421053247,,,,,,,,44.948853,39.133823,5.9904075,8.100609,,,,500.862464481747,Technology,Semiconductors,Taiwan,,2020-Q3
3661 TT,ALCHIP TECHNOLOGIES LTD,2020-08-01 00:00:00+08:00,2020,3,8,500.80987548828125,596.7905157621263,667.1129650716763,500.80987548828125,104609155,80995217,40563204540.91632,40.563204540916324,,,,,,,,44.948853,39.133823,5.9904075,8.100609,,,,289.72624113407807,Technology,Semiconductors,Taiwan,,2020-Q3
3661 TT,ALCHIP TECHNOLOGIES LTD,2020-09-01 00:00:00+08:00,2020,3,9,465.7491455078125,503.48676857972754,555.0774431590545,382.6308364633413,239424933,80995217,37723453107.96985,37.723453107969846,,,,,,,,44.948853,39.133823,5.9904075,8.100609,,,,207.27631732335604,Technology,Semiconductors,Taiwan,,2020-Q3
3661 TT,ALCHIP TECHNOLOGIES LTD,2020-10-01 00:00:00+08:00,2020,4,10,462.8829650878906,465.74911347852776,526.4159210803463,451.8960629237818,127605858,80995217,37491306202.897125,37.49130620289713,,,,,,,,44.948853,39.133823,5.9904075,8.100609,,,,161.17406296141644,Technology,Semiconductors,Taiwan,,2020-Q4
3661 TT,ALCHIP TECHNOLOGIES LTD,2020-11-01 00:00:00+08:00,2020,4,11,638.1957397460938,458.58376508701343,652.5264824050629,437.56534252052535,159293116,80995217,51690802429.21039,51.690802429210386,,,,,,,,44.948853,39.133823,5.9904075,8.100609,,,,206.65323080275425,Technology,Semiconductors,Taiwan,,2020-Q4
3661 TT,ALCHIP TECHNOLOGIES LTD,2020-12-01 00:00:00+08:00,2020,4,12,593.292724609375,638.1957166490539,641.0618650771186,557.9435606632447,88189344,80995217,48053872974.25757,48.053872974257565,,,,,,,,44.948853,39.133823,5.9904075,8.100609,,,,166.23423211220967,Technology,Semiconductors,Taiwan,,2020-Q4
3661 TT,ALCHIP TECHNOLOGIES LTD,2021-01-01 00:00:00+08:00,2021,1,1,788.1908569335938,593.2927541281961,899.9706511896306,593.2927541281961,80327602,80995217,63839689494.75238,63.83968949475238,,,,,,,,44.948853,39.133823,5.9904075,8.100609,,,,259.83066636786936,Technology,Semiconductors,Taiwan,,2021-Q1
3661 TT,ALCHIP TECHNOLOGIES LTD,2021-02-01 00:00:00+08:00,2021,1,2,845.5137939453125,788.1908248642744,955.3828180173023,745.1985980534957,47035340,80995217,68482573217.09387,68.48257321709387,,,,,,,,44.948853,39.133823,5.9904075,8.100609,,,,308.133263429968,Technology,Semiconductors,Taiwan,,2021-Q1
3661 TT,ALCHIP TECHNOLOGIES LTD,2021-03-01 00:00:00+08:00,2021,1,3,859.8445434570312,845.5138010660808,951.5612947591146,773.8600891113282,69573983,80995217,69643295383.56818,69.64329538356817,,,,,,,,44.948853,39.133823,5.9904075,8.100609,,,,359.2947139285184,Technology,Semiconductors,Taiwan,,2021-Q1
3661 TT,ALCHIP TECHNOLOGIES LTD,2021-04-01 00:00:00+08:00,2021,2,4,474.8252868652344,874.1753269249285,904.747578795527,391.70697709204444,50827834,80995217,38458577146.73691,38.45857714673691,,,,,,,,44.948853,39.133823,5.9904075,8.100609,,,,69.95120166247497,Technology,Semiconductors,Taiwan,,2021-Q2
3661 TT,ALCHIP TECHNOLOGIES LTD,2021-05-01 00:00:00+08:00,2021,2,5,556.9881591796875,466.2267953339408,556.9881591796875,347.2816395571465,96236768,80995217,45113376819.18933,45.113376819189334,,,,,,,,44.948853,39.133823,5.9904075,8.100609,,,,95.37203660554646,Technology,Semiconductors,Taiwan,,2021-Q2
3661 TT,ALCHIP TECHNOLOGIES LTD,2021-06-01 00:00:00+08:00,2021,2,6,583.7389526367188,582.783569735513,632.4634805982124,495.8437257257889,106056261,80995217,47280063140.16376,47.280063140163755,,,,,,,,44.948853,39.133823,5.9904075,8.100609,,,,22.853174911821128,Technology,Semiconductors,Taiwan,,2021-Q2
3661 TT,ALCHIP TECHNOLOGIES LTD,2021-07-01 00:00:00+08:00,2021,3,7,604.75732421875,587.5604334826718,681.1879497124309,578.0066052959617,66130617,80995217,48982450707.43701,48.98245070743701,,,,,,,,44.948853,39.133823,5.9904075,8.100609,,,,6.240979802047808,Technology,Semiconductors,Taiwan,,2021-Q3
3661 TT,ALCHIP TECHNOLOGIES LTD,2021-08-01 00:00:00+08:00,2021,3,8,667.8126220703125,611.4450330829757,676.4110678480419,512.0852152069921,61812806,80995217,54089628239.92395,54.08962823992395,,,,,,,,44.948853,39.133823,5.9904075,8.100609,,,,33.34653623177986,Technology,Semiconductors,Taiwan,,2021-Q3
3661 TT,ALCHIP TECHNOLOGIES LTD,2021-09-01 00:00:00+08:00,2021,3,9,886.5952758789062,661.1249255476328,886.5952758789062,660.1695427072459,72672039,80995217,71809976760.98688,71.80997676098687,,,,,,,,44.948853,39.133823,5.9904075,8.100609,,,,90.35896993696888,Technology,Semiconductors,Taiwan,,2021-Q3
3661 TT,ALCHIP TECHNOLOGIES LTD,2021-10-01 00:00:00+08:00,2021,4,10,992.462890625,894.1801577669903,1031.0051388046115,736.1569402305824,89579374,80995217,80384747190.61914,80.38474719061914,,,,,,,,44.948853,39.133823,5.9904075,8.100609,,,,114.4090332718454,Technology,Semiconductors,Taiwan,,2021-Q4
3661 TT,ALCHIP TECHNOLOGIES LTD,2021-11-01 00:00:00+08:00,2021,4,11,982.827392578125,1040.6407686121324,1276.712054084329,857.5650778377758,45525284,80995217,79604317935.40942,79.60431793540943,,,,,,,,44.948853,39.133823,5.9904075,8.100609,,,,54.00093284376091,Technology,Semiconductors,Taiwan,,2021-Q4
3661 TT,ALCHIP TECHNOLOGIES LTD,2021-12-01 00:00:00+08:00,2021,4,12,982.827392578125,963.5562672334559,1021.3696432674633,895.1437722598805,31810890,80995217,79604317935.40942,79.60431793540943,,,,,,,,44.948853,39.133823,5.9904075,8.100609,,,,65.65640396571865,Technology,Semiconductors,Taiwan,,2021-Q4
3661 TT,ALCHIP TECHNOLOGIES LTD,2022-01-01 00:00:00+08:00,2022,1,1,900.9251708984375,987.6452408244902,992.4630224870488,859.4922486004344,31279421,80995217,72970629717.68103,72.97062971768104,,,,,,,,44.948853,39.133823,5.9904075,8.100609,,,,14.302920792995423,Technology,Semiconductors,Taiwan,,2022-Q1
3661 TT,ALCHIP TECHNOLOGIES LTD,2022-02-01 00:00:00+08:00,2022,1,2,1035.822998046875,900.925119231468,1136.9964071584302,870.091318359375,34214340,80995217,83896708500.39722,83.89670850039721,,,,,,,,44.948853,39.133823,5.9904075,8.100609,,,,22.50811346477828,Technology,Semiconductors,Taiwan,,2022-Q1
3661 TT,ALCHIP TECHNOLOGIES LTD,2022-03-01 00:00:00+08:00,2022,1,3,1059.9119873046875,1055.0942055442117,1185.1743130770597,843.1118080832741,71444316,80995217,85847801412.64441,85.84780141264442,,,,,,,,44.948853,39.133823,5.9904075,8.100609,,,,23.267862239757786,Technology,Semiconductors,Taiwan,,2022-Q1
3661 TT,ALCHIP TECHNOLOGIES LTD,2022-04-01 00:00:00+08:00,2022,2,4,853.7108764648438,1040.6407974966492,1112.9075195450278,724.594333071741,56391715,80995217,69146497694.53021,69.14649769453021,,,,,,,,44.948853,39.133823,5.9904075,8.100609,,,,79.7947371550044,Technology,Semiconductors,Taiwan,,2022-Q2
3661 TT,ALCHIP TECHNOLOGIES LTD,2022-05-01 00:00:00+08:00,2022,2,5,900.9251708984375,853.7109106053642,954.8843255190925,791.0797489921039,88243190,80995217,72970629717.68103,72.97062971768104,,,,,,,,44.948853,39.133823,5.9904075,8.100609,,,,61.74942968721064,Technology,Semiconductors,Taiwan,,2022-Q2
3661 TT,ALCHIP TECHNOLOGIES LTD,2022-06-01 00:00:00+08:00,2022,2,6,668.7080688476562,895.1437982124966,928.8682685434302,634.020042221553,93760515,80995217,54162155145.96686,54.16215514596686,,,,,,,,44.948853,39.133823,5.9904075,8.100609,,,,14.556012722319856,Technology,Semiconductors,Taiwan,,2022-Q2
3661 TT,ALCHIP TECHNOLOGIES LTD,2022-07-01 00:00:00+08:00,2022,3,7,680.270751953125,672.562301506064,693.7605402354816,526.1017430119068,150892741,80995217,55098677173.19653,55.098677173196535,,,,,,,,44.948853,39.133823,5.9904075,8.100609,,,,12.486566877371242,Technology,Semiconductors,Taiwan,,2022-Q3
3661 TT,ALCHIP TECHNOLOGIES LTD,2022-08-01 00:00:00+08:00,2022,3,8,825.7677612304688,672.5623072798917,849.8566690843331,585.8422390059802,148920304,80995217,66883239012.466,66.883239012466,,,,,,,,44.948853,39.133823,5.9904075,8.100609,,,,23.65261361345241,Technology,Semiconductors,Taiwan,,2022-Q3
3661 TT,ALCHIP TECHNOLOGIES LTD,2022-09-01 00:00:00+08:00,2022,3,9,835.4032592773438,816.1321344958595,968.3740202695853,766.9907663030746,122000948,80995217,67663668267.67572,67.66366826767572,,,,,,,,44.948853,39.133823,5.9904075,8.100609,,,,-5.774000605948915,Technology,Semiconductors,Taiwan,,2022-Q3
3661 TT,ALCHIP TECHNOLOGIES LTD,2022-10-01 00:00:00+08:00,2022,4,10,633.2627563476562,829.3888180208132,903.5459358673801,543.4936136912859,179360869,80995217,51291254368.396545,51.291254368396544,,,,,,,,44.948853,39.133823,5.9904075,8.100609,,,,-36.192802539059045,Technology,Semiconductors,Taiwan,,2022-Q4
3661 TT,ALCHIP TECHNOLOGIES LTD,2022-11-01 00:00:00+08:00,2022,4,11,904.5216064453125,629.3596938049909,920.1336298575293,623.5051850254096,151160112,80995217,73261923795.22668,73.26192379522668,,,,,,,,44.948853,39.133823,5.9904075,8.100609,,,,-7.967399639462935,Technology,Semiconductors,Taiwan,,2022-Q4
3661 TT,ALCHIP TECHNOLOGIES LTD,2022-12-01 00:00:00+08:00,2022,4,12,768.8922119140625,928.9154641398318,936.7214764435279,713.274374250228,97407501,80995217,62276591553.58948,62.276591553589476,,,,,,,,44.948853,39.133823,5.9904075,8.100609,,,,-21.767319702279952,Technology,Semiconductors,Taiwan,,2022-Q4
3661 TT,ALCHIP TECHNOLOGIES LTD,2023-01-01 00:00:00+08:00,2023,1,1,822.5585327148438,768.8921990264495,878.1763694464524,768.8921990264495,55572954,80995217,66623306852.44037,66.62330685244036,,,,,,,,44.948853,39.133823,5.9904075,8.100609,,,,-8.698462504432358,Technology,Semiconductors,Taiwan,,2023-Q1
3661 TT,ALCHIP TECHNOLOGIES LTD,2023-02-01 00:00:00+08:00,2023,1,2,921.1094360351562,834.2675506462485,995.2665516481561,831.3402960825774,98160773,80995217,74605458652.4151,74.6054586524151,,,,,,,,44.948853,39.133823,5.9904075,8.100609,,,,-11.074629760878075,Technology,Semiconductors,Taiwan,,2023-Q1
3661 TT,ALCHIP TECHNOLOGIES LTD,2023-03-01 00:00:00+08:00,2023,1,3,1209.931884765625,925.0124409337197,1302.6282791629915,909.4004166141633,136977980,80995217,97998695561.81079,97.99869556181079,,,,,,,,44.948853,39.133823,5.9904075,8.100609,,,,14.15399573340348,Technology,Semiconductors,Taiwan,,2023-Q1
3661 TT,ALCHIP TECHNOLOGIES LTD,2023-04-01 00:00:00+08:00,2023,2,4,1156.265625,1209.9319620253166,1351.4159414556962,1092.8417721518988,73851431,80995217,93651985206.51562,93.65198520651562,,,,,,,,44.948853,39.133823,5.9904075,8.100609,,,,35.43995477579178,Technology,Semiconductors,Taiwan,,2023-Q2
3661 TT,ALCHIP TECHNOLOGIES LTD,2023-05-01 00:00:00+08:00,2023,2,5,1614.8687744140625,1156.2655575109752,1658.7775930537198,1156.2655575109752,105919461,80995217,130796646810.19104,130.79664681019105,,,,,,,,44.948853,39.133823,5.9904075,8.100609,,,,79.24560513762233,Technology,Semiconductors,Taiwan,,2023-Q2
3661 TT,ALCHIP TECHNOLOGIES LTD,2023-06-01 00:00:00+08:00,2023,2,6,1751.47412109375,1590.4751071770543,1839.2917650483114,1517.29373721492,70508961,80995217,141861026507.87256,141.86102650787257,,,,,,,,44.948853,39.133823,5.9904075,8.100609,,,,161.91909484686767,Technology,Semiconductors,Taiwan,,2023-Q2
3661 TT,ALCHIP TECHNOLOGIES LTD,2023-07-01 00:00:00+08:00,2023,3,7,1941.74560546875,1785.6253557828202,2253.986104840609,1668.535168518373,67842710,80995217,157272106673.7378,157.2721066737378,,,,,,,,44.948853,39.133823,5.9904075,8.100609,,,,185.43717334514312,Technology,Semiconductors,Taiwan,,2023-Q3
3661 TT,ALCHIP TECHNOLOGIES LTD,2023-08-01 00:00:00+08:00,2023,3,8,2410.1064453125,1975.896984517333,2532.075394974064,1722.2015692212804,61452497,80995217,195207094531.18457,195.20709453118457,,,,,,,,44.948853,39.133823,5.9904075,8.100609,,,,191.86250159744952,Technology,Semiconductors,Taiwan,,2023-Q3
3661 TT,ALCHIP TECHNOLOGIES LTD,2023-09-01 00:00:00+08:00,2023,3,9,2624.771484375,2424.742430733039,2673.559058434015,2224.713377091078,35191570,80995217,212593935952.36523,212.59393595236523,,,,,,,,44.948853,39.133823,5.9904075,8.100609,,,,214.19215273896936,Technology,Semiconductors,Taiwan,,2023-Q3
3661 TT,ALCHIP TECHNOLOGIES LTD,2023-10-01 00:00:00+08:00,2023,4,10,2574.864990234375,2682.7640945870535,2854.4217606026787,2349.2577720424106,47307382,80995217,208551748629.73608,208.5517486297361,,,,,,,,44.948853,39.133823,5.9904075,8.100609,,,,306.60294078952506,Technology,Semiconductors,Taiwan,,2023-Q4
3661 TT,ALCHIP TECHNOLOGIES LTD,2023-11-01 00:00:00+08:00,2023,4,11,3050.60205078125,2638.623638778637,3349.776849973623,2565.056065206742,58245227,80995217,247084175083.67236,247.08417508367236,,,,,,,,44.948853,39.133823,5.9904075,8.100609,,,,237.26137983257672,Technology,Semiconductors,Taiwan,,2023-Q4
3661 TT,ALCHIP TECHNOLOGIES LTD,2023-12-01 00:00:00+08:00,2023,4,12,3212.450927734375,3026.0797288734493,3619.524862088502,2972.1301713084445,39646616,80995217,260193159993.69702,260.193159993697,,,,,,,,44.948853,39.133823,5.9904075,8.100609,,,,317.80250572929776,Technology,Semiconductors,Taiwan,,2023-Q4
3661 TT,ALCHIP TECHNOLOGIES LTD,2024-01-01 00:00:00+08:00,2024,1,1,3825.513916015625,3212.4507884490185,3845.1319360977564,3212.4507884490185,41687563,80995217,309848329764.2053,309.84832976420535,,,,,,,,44.948853,39.133823,5.9904075,8.100609,,,,365.07497811609414,Technology,Semiconductors,Taiwan,,2024-Q1
3661 TT,ALCHIP TECHNOLOGIES LTD,2024-02-01 00:00:00+08:00,2024,1,2,4060.929931640625,3854.9407322095785,4365.009226038836,3742.1371229973392,21823458,80995217,328915901035.0276,328.9159010350276,,,,,,,,44.948853,39.133823,5.9904075,8.100609,,,,340.8737738178626,Technology,Semiconductors,Taiwan,,2024-Q1
3661 TT,ALCHIP TECHNOLOGIES LTD,2024-03-01 00:00:00+08:00,2024,1,3,3295.827392578125,4168.82929120745,4477.8131092616495,2981.9390694754466,56808186,80995217,266946254856.40942,266.94625485640944,,,,,,,,44.948853,39.133823,5.9904075,8.100609,,,,172.3977633845526,Technology,Semiconductors,Taiwan,,2024-Q1
3661 TT,ALCHIP TECHNOLOGIES LTD,2024-04-01 00:00:00+08:00,2024,2,4,3060.4111328125,3330.158908941807,3408.6309892703325,2643.5282060672075,59291638,80995217,247878663811.36426,247.87866381136425,13581755000.0,13581.755,2575568000.0,1586701000.0,1650910000.0,2529072000.0,4.562714167119129,44.948853,39.133823,5.9904075,8.100609,,,,164.68062931582006,Technology,Semiconductors,Taiwan,,2024-Q2
3661 TT,ALCHIP TECHNOLOGIES LTD,2024-05-01 00:00:00+08:00,2024,2,5,2815.185791015625,3080.029053585039,3207.54618000735,2452.2524311982797,62529406,80995217,228016584038.6272,228.0165840386272,13581755000.0,13581.755,2575568000.0,1586701000.0,1650910000.0,2529072000.0,4.197111935067066,44.948853,39.133823,5.9904075,8.100609,,0.0,,74.32907463562076,Technology,Semiconductors,Taiwan,,2024-Q2
3661 TT,ALCHIP TECHNOLOGIES LTD,2024-06-01 00:00:00+08:00,2024,2,6,2408.11181640625,2869.1352598730273,2937.7983259212706,2363.971273946665,50824063,80995217,195045539130.08838,195.04553913008837,13581755000.0,13581.755,2575568000.0,1586701000.0,1650910000.0,2529072000.0,3.590212368174959,44.948853,39.133823,5.9904075,8.100609,,0.0,,37.49057364903838,Technology,Semiconductors,Taiwan,,2024-Q2
3661 TT,ALCHIP TECHNOLOGIES LTD,2024-07-01 00:00:00+08:00,2024,3,7,2569.960693359375,2422.8255391594107,2952.512094279282,2378.6849928994216,55285080,80995217,208154524040.11304,208.15452404011305,14825554000.0,14825.554,2885299000.0,1793065000.0,1975934000.0,2990907000.0,3.510063165938235,44.948853,39.133823,5.9904075,8.100609,,9.157866564372563,,32.353109806007254,Technology,Semiconductors,Taiwan,,2024-Q3
3661 TT,ALCHIP TECHNOLOGIES LTD,2024-08-01 00:00:00+08:00,2024,3,8,2599.3876953125,2623.9102207399765,2697.477797022406,1858.8074274027124,50822167,80995217,210537970448.96582,210.5379704489658,14825554000.0,14825.554,2885299000.0,1793065000.0,1975934000.0,2990907000.0,3.5502546894531872,44.948853,39.133823,5.9904075,8.100609,,0.0,9.157866564372563,7.853646894648136,Technology,Semiconductors,Taiwan,,2024-Q3
3661 TT,ALCHIP TECHNOLOGIES LTD,2024-09-01 00:00:00+08:00,2024,3,9,1937.2794189453125,2638.6236136520965,2658.241633084454,1907.852389796776,40758446,80995217,156910366927.1095,156.9103669271095,14825554000.0,14825.554,2885299000.0,1793065000.0,1975934000.0,2990907000.0,2.64594441002187,44.948853,39.133823,5.9904075,8.100609,,0.0,9.157866564372563,-26.19245406780203,Technology,Semiconductors,Taiwan,,2024-Q3
3661 TT,ALCHIP TECHNOLOGIES LTD,2024-10-01 00:00:00+08:00,2024,4,10,2020.8575439453125,1976.2798040053424,2050.5760372386258,1788.0626798143574,45997837,80995217,163679795297.93762,163.67979529793763,13071273000.0,13071.273,2769129000.0,1835706000.0,1987318000.0,2998439000.0,3.1305251465931745,44.948853,39.133823,5.9904075,8.100609,,-11.832819198527089,-3.758586427159083,-21.515980386941933,Technology,Semiconductors,Taiwan,,2024-Q4
3661 TT,ALCHIP TECHNOLOGIES LTD,2024-11-01 00:00:00+08:00,2024,4,11,2194.21533203125,2001.0451335002822,2466.634842780051,1946.561231350522,55874672,80995217,177720946962.59814,177.72094696259813,13071273000.0,13071.273,2769129000.0,1835706000.0,1987318000.0,2998439000.0,3.3990749593134146,44.948853,39.133823,5.9904075,8.100609,,0.0,-11.832819198527089,-28.072711697374032,Technology,Semiconductors,Taiwan,,2024-Q4
3661 TT,ALCHIP TECHNOLOGIES LTD,2024-12-01 00:00:00+08:00,2024,4,12,3249.221923828125,2214.027743828006,3343.330485646318,2169.4500040193884,76491766,80995217,263171434801.61646,263.17143480161644,13071273000.0,13071.273,2769129000.0,1835706000.0,1987318000.0,2998439000.0,5.033393358122359,44.948853,39.133823,5.9904075,8.100609,,0.0,-11.832819198527089,1.1446399313462363,Technology,Semiconductors,Taiwan,,2024-Q4
3661 TT,ALCHIP TECHNOLOGIES LTD,2025-01-01 00:00:00+08:00,2025,1,1,3100.62939453125,3224.4564470285045,3264.081103827626,2748.9605654390475,39832011,80995217,251136150646.6372,251.13615064663722,10484855000.0,10484.855,2428748000.0,1463518000.0,1713414000.0,2684746000.0,5.9880692352597436,44.948853,39.133823,5.9904075,8.100609,,-19.787039869796917,-29.27849441579047,-18.948683429162937,Technology,Semiconductors,Taiwan,,2025-Q1
3661 TT,ALCHIP TECHNOLOGIES LTD,2025-02-01 00:00:00+08:00,2025,1,2,3254.175048828125,2798.4914803468655,3749.4832754381896,2798.4914803468655,58395296,80995217,263572614235.81958,263.5726142358196,10484855000.0,10484.855,2428748000.0,1463518000.0,1713414000.0,2684746000.0,6.284603226172884,44.948853,39.133823,5.9904075,8.100609,,0.0,-19.787039869796917,-19.866259610309733,Technology,Semiconductors,Taiwan,,2025-Q1
3661 TT,ALCHIP TECHNOLOGIES LTD,2025-03-01 00:00:00+08:00,2025,1,3,2714.2890625,3125.3948876596714,3135.3010521213505,2679.617486884124,55668770,80995217,219844431617.91406,219.84443161791407,10484855000.0,10484.855,2428748000.0,1463518000.0,1713414000.0,2684746000.0,5.241952120890419,44.948853,39.133823,5.9904075,8.100609,,0.0,-19.787039869796917,-17.64468404467089,Technology,Semiconductors,Taiwan,,2025-Q1
3661 TT,ALCHIP TECHNOLOGIES LTD,2025-04-01 00:00:00+08:00,2025,2,4,2105.06005859375,2778.67927734375,2778.67927734375,1926.7490889246324,50184548,80995217,170499796243.8335,170.4997962438335,9143997000.0,9143.997,1887215000.0,1323522000.0,1142245000.0,2266311000.0,4.661522642774092,44.948853,39.133823,5.9904075,8.100609,,-12.788522111178457,-30.0450920120787,-31.216429190701177,Technology,Semiconductors,Taiwan,,2025-Q2
3661 TT,ALCHIP TECHNOLOGIES LTD,2025-05-01 00:00:00+08:00,2025,2,5,2783.632080078125,2149.6375849713636,2952.0368678408586,2149.6375849713636,55381778,80995217,225460884374.0891,225.46088437408912,9143997000.0,9143.997,1887215000.0,1323522000.0,1142245000.0,2266311000.0,6.164177557530069,44.948853,39.133823,5.9904075,8.100609,,0.0,-12.788522111178457,-1.1208393789923332,Technology,Semiconductors,Taiwan,,2025-Q2
3661 TT,ALCHIP TECHNOLOGIES LTD,2025-06-01 00:00:00+08:00,2025,2,6,3065.957763671875,2714.2889410213047,3070.910845681038,2545.884152709764,48920517,80995217,248327914381.43823,248.32791438143823,9143997000.0,9143.997,1887215000.0,1323522000.0,1142245000.0,2266311000.0,6.7893699653837984,44.948853,39.133823,5.9904075,8.100609,,0.0,-12.788522111178457,27.317915338639164,Technology,Semiconductors,Taiwan,,2025-Q2
3661 TT,ALCHIP TECHNOLOGIES LTD,2025-07-01 00:00:00+08:00,2025,3,7,3848.544921875,3130.3479930823682,3962.465814028314,3080.817170407014,56696855,80995217,311713731081.5137,311.7137310815137,,,,,,,,44.948853,39.133823,5.9904075,8.100609,,0.0,-12.788522111178457,49.75112000037238,Technology,Semiconductors,Taiwan,,2025-Q3
3661 TT,ALCHIP TECHNOLOGIES LTD,2025-08-01 00:00:00+08:00,2025,3,8,4016.94970703125,3799.014087907483,4428.055534014719,3600.8907977949675,40340939,80995217,325353713199.0825,325.3537131990825,,,,,,,,44.948853,39.133823,5.9904075,8.100609,,0.0,0.0,54.53445879870298,Technology,Semiconductors,Taiwan,,2025-Q3
3661 TT,ALCHIP TECHNOLOGIES LTD,2025-09-01 00:00:00+08:00,2025,3,9,3432.486083984375,3987.2313096788193,4061.5275452628966,3189.7850477430557,35443994,80995217,278014955221.7947,278.01495522179465,,,,,,,,44.948853,39.133823,5.9904075,8.100609,,0.0,0.0,77.18074380065825,Technology,Semiconductors,Taiwan,,2025-Q3
3661 TT,ALCHIP TECHNOLOGIES LTD,2025-10-01 00:00:00+08:00,2025,4,10,3515.0,3500.0,3545.0,3260.0,11113969,80995217,284698187755.0,284.698187755,,,,,,,,44.948853,39.133823,5.9904075,8.100609,,0.0,0.0,73.93606048735523,Technology,Semiconductors,Taiwan,,2025-Q4
