ticker,company_name,date,year,quarter,month,close_price,open_price,high_price,low_price,volume,shares_outstanding,market_cap,market_cap_billions,revenue,revenue_millions,gross_profit,net_income,operating_income,ebitda,ps_ratio,current_pe,forward_pe,current_ps,current_pb,peg_ratio,revenue_qoq_pct,revenue_yoy_pct,market_cap_yoy_pct,sector,industry,country,employees,year_quarter
3665 TT,BIZLINK HOLDING INC,2015-01-01 00:00:00+08:00,2015,1,1,67.25236511230469,68.84602352368198,72.03334034643656,62.343900733763434,18902998,193969420,13044902254.461975,13.044902254461975,,,,,,,,33.253086,33.979088,3.4724355,5.798729,,,,,Industrials,Electrical Equipment & Parts,Taiwan,,2015-Q1
3665 TT,BIZLINK HOLDING INC,2015-02-01 00:00:00+08:00,2015,1,2,72.03334045410156,67.57109910088863,72.67080271694877,66.93363683804142,14447900,193969420,13972265268.544617,13.972265268544616,,,,,,,,33.253086,33.979088,3.4724355,5.798729,,,,,Industrials,Electrical Equipment & Parts,Taiwan,,2015-Q1
3665 TT,BIZLINK HOLDING INC,2015-03-01 00:00:00+08:00,2015,1,3,82.23275756835938,72.03334428108303,87.01373306364043,70.43968578265603,68269601,193969420,15950640290.535278,15.950640290535278,,,,,,,,33.253086,33.979088,3.4724355,5.798729,,,,,Industrials,Electrical Equipment & Parts,Taiwan,,2015-Q1
3665 TT,BIZLINK HOLDING INC,2015-04-01 00:00:00+08:00,2015,2,4,84.14513397216797,81.27655123780096,91.157229388729,80.32035515525125,44974975,193969420,16321582832.403717,16.321582832403717,,,,,,,,33.253086,33.979088,3.4724355,5.798729,,,,,Industrials,Electrical Equipment & Parts,Taiwan,,2015-Q2
3665 TT,BIZLINK HOLDING INC,2015-05-01 00:00:00+08:00,2015,2,5,93.38835144042969,84.14513535488474,95.93821137798427,81.27655257337967,52491970,193969420,18114484363.65631,18.11448436365631,,,,,,,,33.253086,33.979088,3.4724355,5.798729,,,,,Industrials,Electrical Equipment & Parts,Taiwan,,2015-Q2
3665 TT,BIZLINK HOLDING INC,2015-06-01 00:00:00+08:00,2015,2,6,105.81887817382812,94.34454769886172,106.45634587868793,91.47595956683824,63340649,193969420,20525626424.4281,20.5256264244281,,,,,,,,33.253086,33.979088,3.4724355,5.798729,,,,,Industrials,Electrical Equipment & Parts,Taiwan,,2015-Q2
3665 TT,BIZLINK HOLDING INC,2015-07-01 00:00:00+08:00,2015,3,7,95.01753234863281,107.41256177232974,123.66787079235709,81.59530108096091,73146359,193969420,18430495639.495544,18.430495639495543,,,,,,,,33.253086,33.979088,3.4724355,5.798729,,,,,Industrials,Electrical Equipment & Parts,Taiwan,,2015-Q3
3665 TT,BIZLINK HOLDING INC,2015-08-01 00:00:00+08:00,2015,3,8,94.7877426147461,96.86338794515436,103.09031823570122,76.79882591900437,76530852,193969420,18385923458.091583,18.385923458091582,,,,,,,,33.253086,33.979088,3.4724355,5.798729,,,,,Industrials,Electrical Equipment & Parts,Taiwan,,2015-Q3
3665 TT,BIZLINK HOLDING INC,2015-09-01 00:00:00+08:00,2015,3,9,98.59307098388672,94.09584114437943,105.16594010254173,91.32831640483886,41363267,193969420,19124040794.763336,19.124040794763335,,,,,,,,33.253086,33.979088,3.4724355,5.798729,,,,,Industrials,Electrical Equipment & Parts,Taiwan,,2015-Q3
3665 TT,BIZLINK HOLDING INC,2015-10-01 00:00:00+08:00,2015,4,10,101.70655059814453,99.97683963943584,119.69546019868838,97.20932034766983,51348510,193969420,19727960629.722748,19.727960629722748,,,,,,,,33.253086,33.979088,3.4724355,5.798729,,,,,Industrials,Electrical Equipment & Parts,Taiwan,,2015-Q4
3665 TT,BIZLINK HOLDING INC,2015-11-01 00:00:00+08:00,2015,4,11,96.51744079589844,101.70655088389368,110.00912018387308,90.98238509478304,43782360,193969420,18721432011.06476,18.72143201106476,,,,,,,,33.253086,33.979088,3.4724355,5.798729,,,,,Industrials,Electrical Equipment & Parts,Taiwan,,2015-Q4
3665 TT,BIZLINK HOLDING INC,2015-12-01 00:00:00+08:00,2015,4,12,101.01465606689453,96.51743736500187,103.09030686912264,89.9445621602038,38953893,193969420,19593754248.795013,19.593754248795012,,,,,,,,33.253086,33.979088,3.4724355,5.798729,,,,,Industrials,Electrical Equipment & Parts,Taiwan,,2015-Q4
3665 TT,BIZLINK HOLDING INC,2016-01-01 00:00:00+08:00,2016,1,1,110.35507202148438,101.01467057348128,112.43072312179406,93.4039802759623,66896594,193969420,21405509314.06555,21.40550931406555,,,,,,,,33.253086,33.979088,3.4724355,5.798729,,,,64.09099046138004,Industrials,Electrical Equipment & Parts,Taiwan,,2016-Q1
3665 TT,BIZLINK HOLDING INC,2016-02-01 00:00:00+08:00,2016,1,2,111.73883056640625,108.9713109988698,117.27388110283526,106.54971997591932,24497644,193969420,21673916156.44409,21.673916156444093,,,,,,,,33.253086,33.979088,3.4724355,5.798729,,,,55.12098961675165,Industrials,Electrical Equipment & Parts,Taiwan,,2016-Q1
3665 TT,BIZLINK HOLDING INC,2016-03-01 00:00:00+08:00,2016,1,3,118.31172943115234,112.08479810341133,118.31172943115234,105.51191537840242,38365318,193969420,22948857536.95755,22.94885753695755,,,,,,,,33.253086,33.979088,3.4724355,5.798729,,,,43.874208927994204,Industrials,Electrical Equipment & Parts,Taiwan,,2016-Q1
3665 TT,BIZLINK HOLDING INC,2016-04-01 00:00:00+08:00,2016,2,4,127.30615997314453,118.3117101443676,157.05706317967244,116.92793898494695,115043055,193969420,24693502012.41806,24.69350201241806,,,,,,,,33.253086,33.979088,3.4724355,5.798729,,,,51.29354956550738,Industrials,Electrical Equipment & Parts,Taiwan,,2016-Q2
3665 TT,BIZLINK HOLDING INC,2016-05-01 00:00:00+08:00,2016,2,5,130.41961669921875,127.30614617956076,134.22496702294416,114.85228690363803,56261217,193969420,25297417407.769775,25.297417407769775,,,,,,,,33.253086,33.979088,3.4724355,5.798729,,,,39.65298100632011,Industrials,Electrical Equipment & Parts,Taiwan,,2016-Q2
3665 TT,BIZLINK HOLDING INC,2016-06-01 00:00:00+08:00,2016,2,6,136.30064392089844,130.07371257039046,137.68440390959847,121.77112983547468,30964401,193969420,26438156846.963196,26.438156846963196,,,,,,,,33.253086,33.979088,3.4724355,5.798729,,,,28.805602812192042,Industrials,Electrical Equipment & Parts,Taiwan,,2016-Q2
3665 TT,BIZLINK HOLDING INC,2016-07-01 00:00:00+08:00,2016,3,7,135.60873413085938,135.95467405202513,136.9924938155224,125.57645361434182,27500990,193969420,26303947506.296997,26.303947506296996,,,,,,,,33.253086,33.979088,3.4724355,5.798729,,,,42.71969685898775,Industrials,Electrical Equipment & Parts,Taiwan,,2016-Q3
3665 TT,BIZLINK HOLDING INC,2016-08-01 00:00:00+08:00,2016,3,8,135.3760528564453,136.9925144452992,140.45192557926666,129.9319847115525,32727451,193969420,26258814454.45404,26.25881445445404,,,,,,,,33.253086,33.979088,3.4724355,5.798729,,,,42.820209788797015,Industrials,Electrical Equipment & Parts,Taiwan,,2016-Q3
3665 TT,BIZLINK HOLDING INC,2016-09-01 00:00:00+08:00,2016,3,9,121.09788513183594,137.86529163471434,139.72832899827222,118.48962814079772,24309703,193969420,23489286542.24884,23.48928654224884,,,,,,,,33.253086,33.979088,3.4724355,5.798729,,,,22.82595919101378,Industrials,Electrical Equipment & Parts,Taiwan,,2016-Q3
3665 TT,BIZLINK HOLDING INC,2016-10-01 00:00:00+08:00,2016,4,10,119.23483276367188,123.70613826073823,129.66787112006577,112.90047843235227,25224812,193969420,23127911354.96643,23.127911354966432,,,,,,,,33.253086,33.979088,3.4724355,5.798729,,,,17.234172295139395,Industrials,Electrical Equipment & Parts,Taiwan,,2016-Q4
3665 TT,BIZLINK HOLDING INC,2016-11-01 00:00:00+08:00,2016,4,11,114.39092254638672,118.48961845742629,118.48961845742629,97.62351741379723,22542263,193969420,22188340899.587555,22.188340899587555,,,,,,,,33.253086,33.979088,3.4724355,5.798729,,,,18.51839584960051,Industrials,Electrical Equipment & Parts,Taiwan,,2016-Q4
3665 TT,BIZLINK HOLDING INC,2016-12-01 00:00:00+08:00,2016,4,12,124.07875061035156,114.76352965546711,128.55005620049042,112.15526123322013,18078897,193969420,24067483290.21454,24.06748329021454,,,,,,,,33.253086,33.979088,3.4724355,5.798729,,,,22.83242396844216,Industrials,Electrical Equipment & Parts,Taiwan,,2016-Q4
3665 TT,BIZLINK HOLDING INC,2017-01-01 00:00:00+08:00,2017,1,1,122.9609375,124.07876697121567,133.7665989781317,121.47049820504577,15757660,193969420,23850661729.53125,23.85066172953125,,,,,,,,33.253086,33.979088,3.4724355,5.798729,,,,11.423005075889447,Industrials,Electrical Equipment & Parts,Taiwan,,2017-Q1
3665 TT,BIZLINK HOLDING INC,2017-02-01 00:00:00+08:00,2017,1,2,140.84616088867188,122.96093633870905,145.31746702616257,122.96093633870905,39267544,193969420,27319848136.80237,27.319848136802367,,,,,,,,33.253086,33.979088,3.4724355,5.798729,,,,26.049431674485945,Industrials,Electrical Equipment & Parts,Taiwan,,2017-Q1
3665 TT,BIZLINK HOLDING INC,2017-03-01 00:00:00+08:00,2017,1,3,128.550048828125,139.35569655658904,143.82700189029785,127.43221956841255,28073093,193969420,24934778412.163086,24.934778412163087,,,,,,,,33.253086,33.979088,3.4724355,5.798729,,,,8.653680785665907,Industrials,Electrical Equipment & Parts,Taiwan,,2017-Q1
3665 TT,BIZLINK HOLDING INC,2017-04-01 00:00:00+08:00,2017,2,4,134.51181030273438,128.55007638329747,140.84616576042254,128.55007638329747,25219667,193969420,26091177827.57141,26.09117782757141,,,,,,,,33.253086,33.979088,3.4724355,5.798729,,,,5.6600955767654115,Industrials,Electrical Equipment & Parts,Taiwan,,2017-Q2
3665 TT,BIZLINK HOLDING INC,2017-05-01 00:00:00+08:00,2017,2,5,165.43832397460938,134.51178408534898,176.61658167368248,134.51178408534898,93595877,193969420,32089975747.127075,32.08997574712708,,,,,,,,33.253086,33.979088,3.4724355,5.798729,,,,26.850797573000683,Industrials,Electrical Equipment & Parts,Taiwan,,2017-Q2
3665 TT,BIZLINK HOLDING INC,2017-06-01 00:00:00+08:00,2017,2,6,160.22183227539062,167.30139578313873,182.57836401715258,157.98617324864261,52036934,193969420,31078135877.7948,31.0781358777948,,,,,,,,33.253086,33.979088,3.4724355,5.798729,,,,17.55031206483131,Industrials,Electrical Equipment & Parts,Taiwan,,2017-Q2
3665 TT,BIZLINK HOLDING INC,2017-07-01 00:00:00+08:00,2017,3,7,167.6739959716797,160.96704268769255,172.14530206271877,146.06268514918133,53793044,193969420,32523627747.709045,32.52362774770904,,,,,,,,33.253086,33.979088,3.4724355,5.798729,,,,23.645425234836324,Industrials,Electrical Equipment & Parts,Taiwan,,2017-Q3
3665 TT,BIZLINK HOLDING INC,2017-08-01 00:00:00+08:00,2017,3,8,195.99224853515625,166.1835486991165,195.99224853515625,149.4161440677739,67285556,193969420,38016502772.86011,38.01650277286011,,,,,,,,33.253086,33.979088,3.4724355,5.798729,,,,44.77615826411279,Industrials,Electrical Equipment & Parts,Taiwan,,2017-Q3
3665 TT,BIZLINK HOLDING INC,2017-09-01 00:00:00+08:00,2017,3,9,212.37188720703125,206.2384118817454,230.77233726756276,202.02163103739804,67224925,193969420,41193651785.85327,41.19365178585327,,,,,,,,33.253086,33.979088,3.4724355,5.798729,,,,75.3720859582542,Industrials,Electrical Equipment & Parts,Taiwan,,2017-Q3
3665 TT,BIZLINK HOLDING INC,2017-10-01 00:00:00+08:00,2017,4,10,231.53904724121094,216.58867710056936,251.08954238728512,216.20534539245477,44578617,193969420,44911494700.730286,44.91149470073029,,,,,,,,33.253086,33.979088,3.4724355,5.798729,,,,94.18742147282617,Industrials,Electrical Equipment & Parts,Taiwan,,2017-Q4
3665 TT,BIZLINK HOLDING INC,2017-11-01 00:00:00+08:00,2017,4,11,206.62173461914062,235.37245164859124,236.5224706959001,187.0712542645161,41917396,193969420,40078298023.46863,40.078298023468626,,,,,,,,33.253086,33.979088,3.4724355,5.798729,,,,80.62773690399546,Industrials,Electrical Equipment & Parts,Taiwan,,2017-Q4
3665 TT,BIZLINK HOLDING INC,2017-12-01 00:00:00+08:00,2017,4,12,214.71017456054688,205.47172703664884,232.82753359091572,187.83795213850877,33735661,193969420,41647208027.60803,41.64720802760803,,,,,,,,33.253086,33.979088,3.4724355,5.798729,,,,73.0434691712911,Industrials,Electrical Equipment & Parts,Taiwan,,2017-Q4
3665 TT,BIZLINK HOLDING INC,2018-01-01 00:00:00+08:00,2018,1,1,213.93922424316406,214.7101746667665,220.10682763198363,193.50898984835072,26969605,193969420,41497667241.69647,41.49766724169647,,,,,,,,33.253086,33.979088,3.4724355,5.798729,,,,73.98958449154966,Industrials,Electrical Equipment & Parts,Taiwan,,2018-Q1
3665 TT,BIZLINK HOLDING INC,2018-02-01 00:00:00+08:00,2018,1,2,205.07327270507812,215.86660284745065,216.25207806379703,174.23518314334595,13521541,193969420,39777943764.105835,39.777943764105835,,,,,,,,33.253086,33.979088,3.4724355,5.798729,,,,45.60089633339235,Industrials,Electrical Equipment & Parts,Taiwan,,2018-Q1
3665 TT,BIZLINK HOLDING INC,2018-03-01 00:00:00+08:00,2018,1,3,185.0285186767578,202.76042731468084,227.81636527657946,174.62066344748564,51436450,193969420,35889874451.18988,35.88987445118988,,,,,,,,33.253086,33.979088,3.4724355,5.798729,,,,43.93500458653743,Industrials,Electrical Equipment & Parts,Taiwan,,2018-Q1
3665 TT,BIZLINK HOLDING INC,2018-04-01 00:00:00+08:00,2018,2,4,170.38040161132812,185.02849446991684,200.44753768279924,161.12898531746754,40713809,193969420,33048587679.91638,33.04858767991638,,,,,,,,33.253086,33.979088,3.4724355,5.798729,,,,26.66575613536637,Industrials,Electrical Equipment & Parts,Taiwan,,2018-Q2
3665 TT,BIZLINK HOLDING INC,2018-05-01 00:00:00+08:00,2018,2,5,162.67091369628906,170.38043059294688,175.39162079059278,151.87758281556526,40136804,193969420,31553182780.539246,31.553182780539245,,,,,,,,33.253086,33.979088,3.4724355,5.798729,,,,-1.6727746097966012,Industrials,Electrical Equipment & Parts,Taiwan,,2018-Q2
3665 TT,BIZLINK HOLDING INC,2018-06-01 00:00:00+08:00,2018,2,6,165.36923217773438,162.67090561280835,197.36374798731086,159.58709178198396,41303925,193969420,32076574051.360474,32.076574051360474,,,,,,,,33.253086,33.979088,3.4724355,5.798729,,,,3.212670726107003,Industrials,Electrical Equipment & Parts,Taiwan,,2018-Q2
3665 TT,BIZLINK HOLDING INC,2018-07-01 00:00:00+08:00,2018,3,7,150.33567810058594,167.29662448469065,175.00614118934269,144.93901279462818,38816157,193969420,29160524286.477356,29.160524286477354,,,,,,,,33.253086,33.979088,3.4724355,5.798729,,,,-10.34049303269554,Industrials,Electrical Equipment & Parts,Taiwan,,2018-Q3
3665 TT,BIZLINK HOLDING INC,2018-08-01 00:00:00+08:00,2018,3,8,122.96685028076172,152.64849715276063,174.23515380233627,109.86065900504208,70316938,193969420,23851808628.186188,23.851808628186188,,,,,,,,33.253086,33.979088,3.4724355,5.798729,,,,-37.25932979502276,Industrials,Electrical Equipment & Parts,Taiwan,,2018-Q3
3665 TT,BIZLINK HOLDING INC,2018-09-01 00:00:00+08:00,2018,3,9,115.67884826660156,127.64562352496195,136.8201445769205,111.29102734881057,52893807,193969420,22438159104.54071,22.43815910454071,,,,,,,,33.253086,33.979088,3.4724355,5.798729,,,,-45.53005589019805,Industrials,Electrical Equipment & Parts,Taiwan,,2018-Q3
3665 TT,BIZLINK HOLDING INC,2018-10-01 00:00:00+08:00,2018,4,10,131.63453674316406,118.86997847434739,137.61792421051376,98.52645983921133,113705947,193969420,25533074744.040222,25.53307474404022,,,,,,,,33.253086,33.979088,3.4724355,5.798729,,,,-43.14801830983141,Industrials,Electrical Equipment & Parts,Taiwan,,2018-Q4
3665 TT,BIZLINK HOLDING INC,2018-11-01 00:00:00+08:00,2018,4,11,156.3658905029297,130.03897680681206,158.75924062918082,129.241193431395,126830300,193969420,30330201088.63678,30.33020108863678,,,,,,,,33.253086,33.979088,3.4724355,5.798729,,,,-24.322631986826536,Industrials,Electrical Equipment & Parts,Taiwan,,2018-Q4
3665 TT,BIZLINK HOLDING INC,2018-12-01 00:00:00+08:00,2018,4,12,178.703857421875,161.15258749100795,178.703857421875,149.18581310457452,57516994,193969420,34663083575.88379,34.66308357588379,,,,,,,,33.253086,33.979088,3.4724355,5.798729,,,,-16.769730271221185,Industrials,Electrical Equipment & Parts,Taiwan,,2018-Q4
3665 TT,BIZLINK HOLDING INC,2019-01-01 00:00:00+08:00,2019,1,1,142.80352783203125,178.70386496895645,181.49610662836122,142.80352783203125,57303127,193969420,27699517467.53296,27.69951746753296,,,,,,,,33.253086,33.979088,3.4724355,5.798729,,,,-33.25042271363934,Industrials,Electrical Equipment & Parts,Taiwan,,2019-Q1
3665 TT,BIZLINK HOLDING INC,2019-02-01 00:00:00+08:00,2019,1,2,158.7592315673828,142.80352758536242,163.14705234319572,142.80352758536242,28050267,193969420,30794436066.770935,30.794436066770935,,,,,,,,33.253086,33.979088,3.4724355,5.798729,,,,-22.584142987907008,Industrials,Electrical Equipment & Parts,Taiwan,,2019-Q1
3665 TT,BIZLINK HOLDING INC,2019-03-01 00:00:00+08:00,2019,1,3,168.73155212402344,158.75923534056773,178.30497723305857,151.57917273952668,41507550,193969420,32728761301.196594,32.72876130119659,,,,,,,,33.253086,33.979088,3.4724355,5.798729,,,,-8.807813341036875,Industrials,Electrical Equipment & Parts,Taiwan,,2019-Q1
3665 TT,BIZLINK HOLDING INC,2019-04-01 00:00:00+08:00,2019,2,4,158.7592315673828,170.72600643853053,176.31050220916416,154.77031491798047,27452711,193969420,30794436066.770935,30.794436066770935,,,,,,,,33.253086,33.979088,3.4724355,5.798729,,,,-6.8207199502062,Industrials,Electrical Equipment & Parts,Taiwan,,2019-Q2
3665 TT,BIZLINK HOLDING INC,2019-05-01 00:00:00+08:00,2019,2,5,155.9669952392578,158.7592369891978,174.31604983756145,146.39357003080778,41509602,193969420,30252827605.7016,30.2528276057016,,,,,,,,33.253086,33.979088,3.4724355,5.798729,,,,-4.121153748203343,Industrials,Electrical Equipment & Parts,Taiwan,,2019-Q2
3665 TT,BIZLINK HOLDING INC,2019-06-01 00:00:00+08:00,2019,2,6,171.52378845214844,155.56809705404132,174.714934208652,150.7813846500211,13684110,193969420,33270369762.26593,33.27036976226593,,,,,,,,33.253086,33.979088,3.4724355,5.798729,,,,3.721705781278173,Industrials,Electrical Equipment & Parts,Taiwan,,2019-Q2
3665 TT,BIZLINK HOLDING INC,2019-07-01 00:00:00+08:00,2019,3,7,190.670654296875,174.3160573834216,198.64850067495095,173.1193822959309,30747014,193969420,36984276224.98535,36.98427622498535,,,,,,,,33.253086,33.979088,3.4724355,5.798729,,,,26.829942636306136,Industrials,Electrical Equipment & Parts,Taiwan,,2019-Q3
3665 TT,BIZLINK HOLDING INC,2019-08-01 00:00:00+08:00,2019,3,8,171.92271423339844,192.2662289364134,197.85072536769684,157.56257521232453,36231240,193969420,33347749164.67804,33.34774916467804,,,,,,,,33.253086,33.979088,3.4724355,5.798729,,,,39.81224520336919,Industrials,Electrical Equipment & Parts,Taiwan,,2019-Q3
3665 TT,BIZLINK HOLDING INC,2019-09-01 00:00:00+08:00,2019,3,9,176.46144104003906,178.92944068085657,189.21274467575134,171.11412347669707,24633294,193969420,34228123370.900574,34.228123370900576,,,,,,,,33.253086,33.979088,3.4724355,5.798729,,,,52.54425824966176,Industrials,Electrical Equipment & Parts,Taiwan,,2019-Q3
3665 TT,BIZLINK HOLDING INC,2019-10-01 00:00:00+08:00,2019,4,10,170.7028045654297,177.284128845375,184.27677143647335,167.00082411430398,35220049,193969420,33111123993.92975,33.11112399392975,,,,,,,,33.253086,33.979088,3.4724355,5.798729,,,,29.6793446377168,Industrials,Electrical Equipment & Parts,Taiwan,,2019-Q4
3665 TT,BIZLINK HOLDING INC,2019-11-01 00:00:00+08:00,2019,4,11,187.15606689453125,171.52545896075713,189.6240664130777,170.70278388785394,51913120,193969420,36302553745.01343,36.30255374501343,,,,,,,,33.253086,33.979088,3.4724355,5.798729,,,,19.69110801119678,Industrials,Electrical Equipment & Parts,Taiwan,,2019-Q4
3665 TT,BIZLINK HOLDING INC,2019-12-01 00:00:00+08:00,2019,4,12,185.5107421875,187.97872885248745,188.3900599633187,170.29145253649935,55610937,193969420,35983411065.87891,35.983411065878904,,,,,,,,33.253086,33.979088,3.4724355,5.798729,,,,3.809030685641912,Industrials,Electrical Equipment & Parts,Taiwan,,2019-Q4
3665 TT,BIZLINK HOLDING INC,2020-01-01 00:00:00+08:00,2020,1,1,184.27676391601562,185.5107573493641,201.5527105331421,180.98610191033708,58681407,193969420,35744057016.26648,35.74405701626648,,,,,,,,33.253086,33.979088,3.4724355,5.798729,,,,29.042164933604543,Industrials,Electrical Equipment & Parts,Taiwan,,2020-Q1
3665 TT,BIZLINK HOLDING INC,2020-02-01 00:00:00+08:00,2020,1,2,157.5401611328125,179.75209233928223,187.97872733978735,157.1288300252913,47980102,193969420,30557973681.638184,30.557973681638185,,,,,,,,33.253086,33.979088,3.4724355,5.798729,,,,-0.7678737308909778,Industrials,Electrical Equipment & Parts,Taiwan,,2020-Q1
3665 TT,BIZLINK HOLDING INC,2020-03-01 00:00:00+08:00,2020,1,3,134.9169158935547,152.19286314608757,162.06483667613014,104.88967699393197,65137793,193969420,26169755924.061584,26.169755924061583,,,,,,,,33.253086,33.979088,3.4724355,5.798729,,,,-20.04049379313114,Industrials,Electrical Equipment & Parts,Taiwan,,2020-Q1
3665 TT,BIZLINK HOLDING INC,2020-04-01 00:00:00+08:00,2020,2,4,161.6534881591797,134.5055702915832,163.29881262082745,132.4489147145235,48376483,193969420,31355833339.21295,31.355833339212953,,,,,,,,33.253086,33.979088,3.4724355,5.798729,,,,1.8230477454587835,Industrials,Electrical Equipment & Parts,Taiwan,,2020-Q2
3665 TT,BIZLINK HOLDING INC,2020-05-01 00:00:00+08:00,2020,2,5,161.6534881591797,161.6534881591797,162.8874815054155,146.43419833869282,30219271,193969420,31355833339.21295,31.355833339212953,,,,,,,,33.253086,33.979088,3.4724355,5.798729,,,,3.6459591410340497,Industrials,Electrical Equipment & Parts,Taiwan,,2020-Q2
3665 TT,BIZLINK HOLDING INC,2020-06-01 00:00:00+08:00,2020,2,6,172.7594757080078,166.17816418342895,180.16344956689863,163.71016433040978,35233355,193969420,33510055302.586365,33.510055302586366,,,,,,,,33.253086,33.979088,3.4724355,5.798729,,,,0.7204174225688309,Industrials,Electrical Equipment & Parts,Taiwan,,2020-Q2
3665 TT,BIZLINK HOLDING INC,2020-07-01 00:00:00+08:00,2020,3,7,160.83082580566406,174.81610941916455,190.85806145823747,155.48350845930642,45537514,193969420,31196261999.64569,31.196261999645692,,,,,,,,33.253086,33.979088,3.4724355,5.798729,,,,-15.649932393240862,Industrials,Electrical Equipment & Parts,Taiwan,,2020-Q3
3665 TT,BIZLINK HOLDING INC,2020-08-01 00:00:00+08:00,2020,3,8,211.96917724609375,166.91500578454244,216.26005518687666,166.91500578454244,76268101,193969420,41115538368.302,41.115538368302005,,,,,,,,33.253086,33.979088,3.4724355,5.798729,,,,23.293293845005913,Industrials,Electrical Equipment & Parts,Taiwan,,2020-Q3
3665 TT,BIZLINK HOLDING INC,2020-09-01 00:00:00+08:00,2020,3,9,193.51841735839844,214.97279341713786,223.9836222465699,188.36936656811048,49390729,193969420,37536655174.32648,37.53665517432648,,,,,,,,33.253086,33.979088,3.4724355,5.798729,,,,9.66612094847914,Industrials,Electrical Equipment & Parts,Taiwan,,2020-Q3
3665 TT,BIZLINK HOLDING INC,2020-10-01 00:00:00+08:00,2020,4,10,188.369384765625,193.51843605333954,200.8129197922835,183.64941996815637,20163654,193969420,36537900308.74512,36.537900308745115,,,,,,,,33.253086,33.979088,3.4724355,5.798729,,,,10.349320414020369,Industrials,Electrical Equipment & Parts,Taiwan,,2020-Q4
3665 TT,BIZLINK HOLDING INC,2020-11-01 00:00:00+08:00,2020,4,11,210.25282287597656,187.5111881414321,222.69635633360235,183.64939681139708,42174771,193969420,40782618106.615906,40.78261810661591,,,,,,,,33.253086,33.979088,3.4724355,5.798729,,,,12.340906904429193,Industrials,Electrical Equipment & Parts,Taiwan,,2020-Q4
3665 TT,BIZLINK HOLDING INC,2020-12-01 00:00:00+08:00,2020,4,12,208.965576171875,214.11461371615027,216.26005943102794,200.3838201218903,31303954,193969420,40532931610.024414,40.53293161002441,,,,,,,,33.253086,33.979088,3.4724355,5.798729,,,,12.643383185146572,Industrials,Electrical Equipment & Parts,Taiwan,,2020-Q4
3665 TT,BIZLINK HOLDING INC,2021-01-01 00:00:00+08:00,2021,1,1,266.4632568359375,208.9655558685401,278.9067898351006,208.9655558685401,89389803,193969420,51685723379.77783,51.68572337977783,,,,,,,,33.253086,33.979088,3.4724355,5.798729,,,,44.59948784285059,Industrials,Electrical Equipment & Parts,Taiwan,,2021-Q1
3665 TT,BIZLINK HOLDING INC,2021-02-01 00:00:00+08:00,2021,1,2,255.73609924316406,269.89597956950695,269.89597956950695,252.73249395171814,27459661,193969420,49604982843.25897,49.60498284325897,,,,,,,,33.253086,33.979088,3.4724355,5.798729,,,,62.330733575655394,Industrials,Electrical Equipment & Parts,Taiwan,,2021-Q1
3665 TT,BIZLINK HOLDING INC,2021-03-01 00:00:00+08:00,2021,1,3,228.27450561523438,255.7360926158492,258.3106113703708,226.12907331979974,34919610,193969420,44278273454.973755,44.27827345497376,,,,,,,,33.253086,33.979088,3.4724355,5.798729,,,,69.1963562192127,Industrials,Electrical Equipment & Parts,Taiwan,,2021-Q1
3665 TT,BIZLINK HOLDING INC,2021-04-01 00:00:00+08:00,2021,2,4,223.98361206054688,232.56535405091628,246.29614659741213,222.26726634342538,27374597,193969420,43445971320.88928,43.445971320889285,,,,,,,,33.253086,33.979088,3.4724355,5.798729,,,,38.55785891857211,Industrials,Electrical Equipment & Parts,Taiwan,,2021-Q2
3665 TT,BIZLINK HOLDING INC,2021-05-01 00:00:00+08:00,2021,2,5,208.965576171875,223.55454269018085,227.84542071517322,176.78401109157682,38697025,193969420,40532931610.024414,40.53293161002441,,,,,,,,33.253086,33.979088,3.4724355,5.798729,,,,29.26759487311974,Industrials,Electrical Equipment & Parts,Taiwan,,2021-Q2
3665 TT,BIZLINK HOLDING INC,2021-06-01 00:00:00+08:00,2021,2,6,222.26727294921875,206.3910343797166,239.0016844027866,197.80929213429738,30513130,193969420,43113054018.94165,43.113054018941654,,,,,,,,33.253086,33.979088,3.4724355,5.798729,,,,28.657066154152577,Industrials,Electrical Equipment & Parts,Taiwan,,2021-Q2
3665 TT,BIZLINK HOLDING INC,2021-07-01 00:00:00+08:00,2021,3,7,220.55093383789062,223.9836390911585,233.85264156037198,205.10379371009407,30195847,193969420,42780136716.99402,42.78013671699402,,,,,,,,33.253086,33.979088,3.4724355,5.798729,,,,37.13225231112589,Industrials,Electrical Equipment & Parts,Taiwan,,2021-Q3
3665 TT,BIZLINK HOLDING INC,2021-08-01 00:00:00+08:00,2021,3,8,201.22744750976562,229.53197449197793,232.1855312364264,183.97937702761524,23159192,193969420,39031971281.54968,39.03197128154968,,,,,,,,33.253086,33.979088,3.4724355,5.798729,,,,-5.06759042795033,Industrials,Electrical Equipment & Parts,Taiwan,,2021-Q3
3665 TT,BIZLINK HOLDING INC,2021-09-01 00:00:00+08:00,2021,3,9,197.6893768310547,208.7458187631611,223.78260244942263,195.47807739165935,21112242,193969420,38345693764.081116,38.34569376408112,,,,,,,,33.253086,33.979088,3.4724355,5.798729,,,,2.1553294666169176,Industrials,Electrical Equipment & Parts,Taiwan,,2021-Q3
3665 TT,BIZLINK HOLDING INC,2021-10-01 00:00:00+08:00,2021,4,10,226.87841796875,197.6893904648851,244.56875943907306,197.6893904648851,39121716,193969420,44007475143.916016,44.00747514391602,,,,,,,,33.253086,33.979088,3.4724355,5.798729,,,,20.443360926744614,Industrials,Electrical Equipment & Parts,Taiwan,,2021-Q4
3665 TT,BIZLINK HOLDING INC,2021-11-01 00:00:00+08:00,2021,4,11,228.6474609375,228.20520378133477,243.24198853960758,218.47551871326306,31188956,193969420,44350615382.51953,44.35061538251953,,,,,,,,33.253086,33.979088,3.4724355,5.798729,,,,8.748818593686147,Industrials,Electrical Equipment & Parts,Taiwan,,2021-Q4
3665 TT,BIZLINK HOLDING INC,2021-12-01 00:00:00+08:00,2021,4,12,230.85873413085938,225.99389186207682,230.85873413085938,212.28389313604958,12704828,193969420,44779534761.297,44.779534761297,,,,,,,,33.253086,33.979088,3.4724355,5.798729,,,,10.476920821148639,Industrials,Electrical Equipment & Parts,Taiwan,,2021-Q4
3665 TT,BIZLINK HOLDING INC,2022-01-01 00:00:00+08:00,2022,1,1,260.9322814941406,232.62777050447,262.70130997694065,214.05291617019964,62338884,193969420,50612883300.69519,50.61288330069519,,,,,,,,33.253086,33.979088,3.4724355,5.798729,,,,-2.075699069159964,Industrials,Electrical Equipment & Parts,Taiwan,,2022-Q1
3665 TT,BIZLINK HOLDING INC,2022-02-01 00:00:00+08:00,2022,1,2,264.4703369140625,260.9322799691403,280.8339055491971,244.12648184832526,67202972,193969420,51299157858.42529,51.299157858425296,,,,,,,,33.253086,33.979088,3.4724355,5.798729,,,,3.4153323276404413,Industrials,Electrical Equipment & Parts,Taiwan,,2022-Q1
3665 TT,BIZLINK HOLDING INC,2022-03-01 00:00:00+08:00,2022,1,3,262.2590637207031,262.2590637207031,291.0058330219504,241.47292292183664,78952317,193969420,50870238479.64783,50.870238479647824,,,,,,,,33.253086,33.979088,3.4724355,5.798729,,,,14.887583707114027,Industrials,Electrical Equipment & Parts,Taiwan,,2022-Q1
3665 TT,BIZLINK HOLDING INC,2022-04-01 00:00:00+08:00,2022,2,4,265.797119140625,256.9519764165161,283.48745985371454,250.31809174099863,28608132,193969420,51556513037.37793,51.55651303737793,,,,,,,,33.253086,33.979088,3.4724355,5.798729,,,,18.6681099993937,Industrials,Electrical Equipment & Parts,Taiwan,,2022-Q2
3665 TT,BIZLINK HOLDING INC,2022-05-01 00:00:00+08:00,2022,2,5,275.52679443359375,265.79711013432006,304.27356257776,260.9322818009007,51923016,193969420,53443772510.74341,53.44377251074341,,,,,,,,33.253086,33.979088,3.4724355,5.798729,,,,31.852719228248326,Industrials,Electrical Equipment & Parts,Taiwan,,2022-Q2
3665 TT,BIZLINK HOLDING INC,2022-06-01 00:00:00+08:00,2022,2,6,272.8732604980469,275.52680331086174,287.0255164654952,250.76034845971827,33856106,193969420,52929068072.31506,52.92906807231506,,,,,,,,33.253086,33.979088,3.4724355,5.798729,,,,22.768078663740134,Industrials,Electrical Equipment & Parts,Taiwan,,2022-Q2
3665 TT,BIZLINK HOLDING INC,2022-07-01 00:00:00+08:00,2022,3,7,283.9297180175781,271.988747664376,298.081974059811,255.62517830067634,57373337,193969420,55073682724.63318,55.07368272463318,,,,,,,,33.253086,33.979088,3.4724355,5.798729,,,,28.736574847727535,Industrials,Electrical Equipment & Parts,Taiwan,,2022-Q3
3665 TT,BIZLINK HOLDING INC,2022-08-01 00:00:00+08:00,2022,3,8,310.1111145019531,292.78138547181914,314.6715620114904,266.7867776796718,64067008,193969420,60152073015.49744,60.152073015497436,,,,,,,,33.253086,33.979088,3.4724355,5.798729,,,,54.109749112085396,Industrials,Electrical Equipment & Parts,Taiwan,,2022-Q3
3665 TT,BIZLINK HOLDING INC,2022-09-01 00:00:00+08:00,2022,3,9,255.84165954589844,305.5506483411069,312.84736391096305,244.89655769722336,54738939,193969420,49625458313.95538,49.625458313955384,,,,,,,,33.253086,33.979088,3.4724355,5.798729,,,,29.41598767066815,Industrials,Electrical Equipment & Parts,Taiwan,,2022-Q3
3665 TT,BIZLINK HOLDING INC,2022-10-01 00:00:00+08:00,2022,4,10,224.83058166503906,250.82520610920255,265.41866798382785,217.98989552087423,44420958,193969420,43610257523.83026,43.61025752383026,,,,,,,,33.253086,33.979088,3.4724355,5.798729,,,,-0.9026139736186822,Industrials,Electrical Equipment & Parts,Taiwan,,2022-Q4
3665 TT,BIZLINK HOLDING INC,2022-11-01 00:00:00+08:00,2022,4,11,228.4789276123047,226.19868966553588,247.17679044474403,216.16569113936936,62667362,193969420,44317925071.180725,44.317925071180724,,,,,,,,33.253086,33.979088,3.4724355,5.798729,,,,-0.07370881115595918,Industrials,Electrical Equipment & Parts,Taiwan,,2022-Q4
3665 TT,BIZLINK HOLDING INC,2022-12-01 00:00:00+08:00,2022,4,12,215.70965576171875,231.671250847142,246.26471165329124,211.14919391719215,54217472,193969420,41841076816.500244,41.84107681650024,,,,,,,,33.253086,33.979088,3.4724355,5.798729,,,,-6.562055547161394,Industrials,Electrical Equipment & Parts,Taiwan,,2022-Q4
3665 TT,BIZLINK HOLDING INC,2023-01-01 00:00:00+08:00,2023,1,1,238.51193237304688,215.7096520379409,247.6328416577,213.4294140315679,28917033,193969420,46264021185.479126,46.26402118547912,,,,,,,,33.253086,33.979088,3.4724355,5.798729,,,,-8.592401443282982,Industrials,Electrical Equipment & Parts,Taiwan,,2023-Q1
3665 TT,BIZLINK HOLDING INC,2023-02-01 00:00:00+08:00,2023,1,2,252.6493682861328,240.79217596802482,265.4186501291804,238.51193790872918,51715700,193969420,49006251429.827576,49.00625142982758,,,,,,,,33.253086,33.979088,3.4724355,5.798729,,,,-4.469676548932144,Industrials,Electrical Equipment & Parts,Taiwan,,2023-Q1
3665 TT,BIZLINK HOLDING INC,2023-03-01 00:00:00+08:00,2023,1,3,254.47352600097656,252.64934710403637,263.5944204856776,238.96796263614846,32977292,193969420,49360082243.76434,49.360082243764346,,,,,,,,33.253086,33.979088,3.4724355,5.798729,,,,-2.9686439085353733,Industrials,Electrical Equipment & Parts,Taiwan,,2023-Q1
3665 TT,BIZLINK HOLDING INC,2023-04-01 00:00:00+08:00,2023,2,4,240.82505798339844,254.47354740204435,257.20981597757316,228.92116417106203,17891063,193969420,46712696818.506165,46.71269681850617,,,,,,,,33.253086,33.979088,3.4724355,5.798729,,,,-9.395158697718852,Industrials,Electrical Equipment & Parts,Taiwan,,2023-Q2
3665 TT,BIZLINK HOLDING INC,2023-05-01 00:00:00+08:00,2023,2,5,253.18678283691406,240.82504957815777,254.10246256068973,231.21035549072852,13303940,193969420,49110493418.542175,49.11049341854218,,,,,,,,33.253086,33.979088,3.4724355,5.798729,,,,-8.108108557138527,Industrials,Electrical Equipment & Parts,Taiwan,,2023-Q2
3665 TT,BIZLINK HOLDING INC,2023-06-01 00:00:00+08:00,2023,2,6,294.8504638671875,254.1024846635995,300.3445711816346,245.86133793887626,64158887,193969420,57191973463.04932,57.191973463049315,,,,,,,,33.253086,33.979088,3.4724355,5.798729,,,,8.053996690268562,Industrials,Electrical Equipment & Parts,Taiwan,,2023-Q2
3665 TT,BIZLINK HOLDING INC,2023-07-01 00:00:00+08:00,2023,3,7,279.6763610839844,299.88670872807546,311.33276239792514,274.70537355807056,52715798,193969420,54248661547.17102,54.24866154717102,,,,,,,,33.253086,33.979088,3.4724355,5.798729,,,,-1.4980316126438131,Industrials,Electrical Equipment & Parts,Taiwan,,2023-Q3
3665 TT,BIZLINK HOLDING INC,2023-08-01 00:00:00+08:00,2023,3,8,238.53192138671875,291.59214913298877,297.80639384807097,223.71331063747655,39416092,193969420,46267898442.86743,46.267898442867434,,,,,,,,33.253086,33.979088,3.4724355,5.798729,,,,-23.081789000111296,Industrials,Electrical Equipment & Parts,Taiwan,,2023-Q3
3665 TT,BIZLINK HOLDING INC,2023-09-01 00:00:00+08:00,2023,3,9,258.1307373046875,239.96597495068463,263.8669811495708,235.66380679921343,24019668,193969420,50069469399.1626,50.0694693991626,,,,,,,,33.253086,33.979088,3.4724355,5.798729,,,,0.8947244021368705,Industrials,Electrical Equipment & Parts,Taiwan,,2023-Q3
3665 TT,BIZLINK HOLDING INC,2023-10-01 00:00:00+08:00,2023,4,10,240.4440155029297,256.69668745752733,260.5208403648943,239.487969909992,15232977,193969420,46638786229.57428,46.63878622957428,,,,,,,,33.253086,33.979088,3.4724355,5.798729,,,,6.944532955553218,Industrials,Electrical Equipment & Parts,Taiwan,,2023-Q4
3665 TT,BIZLINK HOLDING INC,2023-11-01 00:00:00+08:00,2023,4,11,252.39450073242188,240.44401202082287,260.99886674767714,237.57589001573777,16113074,193969420,48956814918.25745,48.95681491825744,,,,,,,,33.253086,33.979088,3.4724355,5.798729,,,,10.467299269146778,Industrials,Electrical Equipment & Parts,Taiwan,,2023-Q4
3665 TT,BIZLINK HOLDING INC,2023-12-01 00:00:00+08:00,2023,4,12,255.2626190185547,254.30658818558263,266.735106871751,246.6582678608489,15868420,193969420,49513142158.71002,49.513142158710025,,,,,,,,33.253086,33.979088,3.4724355,5.798729,,,,18.336204337801032,Industrials,Electrical Equipment & Parts,Taiwan,,2023-Q4
3665 TT,BIZLINK HOLDING INC,2024-01-01 00:00:00+08:00,2024,1,1,220.84519958496094,255.26263596509372,256.2186668615354,219.8891686885193,19922371,193969420,42837215273.27911,42.837215273279114,,,,,,,,33.253086,33.979088,3.4724355,5.798729,,,,-7.4070645490616815,Industrials,Electrical Equipment & Parts,Taiwan,,2024-Q1
3665 TT,BIZLINK HOLDING INC,2024-02-01 00:00:00+08:00,2024,1,2,231.8396453857422,223.23529412568237,236.61984380404022,212.71885171255005,16960037,193969420,44969801548.47809,44.96980154847809,,,,,,,,33.253086,33.979088,3.4724355,5.798729,,,,-8.236601991746529,Industrials,Electrical Equipment & Parts,Taiwan,,2024-Q1
3665 TT,BIZLINK HOLDING INC,2024-03-01 00:00:00+08:00,2024,1,3,245.22421264648438,232.79569366801692,251.91647283125448,225.62538859113502,25105823,193969420,47565998296.99524,47.56599829699524,,,,,,,,33.253086,33.979088,3.4724355,5.798729,,,,-3.6346858943812843,Industrials,Electrical Equipment & Parts,Taiwan,,2024-Q1
3665 TT,BIZLINK HOLDING INC,2024-04-01 00:00:00+08:00,2024,2,4,220.36717224121094,244.74617976736852,248.09231718867298,213.19686724399304,20915248,193969420,42744492586.667786,42.74449258666779,12983996000.0,12983.996,3649998000.0,1002454000.0,1469838000.0,2266695000.0,0.823022677045414,33.253086,33.979088,3.4724355,5.798729,,,,-8.494915734058617,Industrials,Electrical Equipment & Parts,Taiwan,,2024-Q2
3665 TT,BIZLINK HOLDING INC,2024-05-01 00:00:00+08:00,2024,2,5,264.8230285644531,220.36718017728958,268.64718154589406,214.15292053330393,52569339,193969420,51367569253.290405,51.367569253290405,12983996000.0,12983.996,3649998000.0,1002454000.0,1469838000.0,2266695000.0,0.9890554736248072,33.253086,33.979088,3.4724355,5.798729,,0.0,,4.595913576987298,Industrials,Electrical Equipment & Parts,Taiwan,,2024-Q2
3665 TT,BIZLINK HOLDING INC,2024-06-01 00:00:00+08:00,2024,2,6,357.55889892578125,268.64717488993296,370.9434487614031,256.69668606986943,143799482,193969420,69355492240.47241,69.35549224047242,12983996000.0,12983.996,3649998000.0,1002454000.0,1469838000.0,2266695000.0,1.3354034505338805,33.253086,33.979088,3.4724355,5.798729,,0.0,,21.267877362689227,Industrials,Electrical Equipment & Parts,Taiwan,,2024-Q2
3665 TT,BIZLINK HOLDING INC,2024-07-01 00:00:00+08:00,2024,3,7,362.3390808105469,359.9489889516635,405.838882285511,347.99847072847984,98389842,193969420,70282701348.1549,70.2827013481549,14259287000.0,14259.287,4181908000.0,1257207000.0,1986449000.0,2520457000.0,1.2322267822394435,33.253086,33.979088,3.4724355,5.798729,,9.822022434387678,,29.556562952326026,Industrials,Electrical Equipment & Parts,Taiwan,,2024-Q3
3665 TT,BIZLINK HOLDING INC,2024-08-01 00:00:00+08:00,2024,3,8,445.61663818359375,381.5378284776527,467.13926512713863,330.6661401243262,102813979,193969420,86436000850.82153,86.43600085082153,14259287000.0,14259.287,4181908000.0,1257207000.0,1986449000.0,2520457000.0,1.5154334303465091,33.253086,33.979088,3.4724355,5.798729,,0.0,9.822022434387678,86.81635379993433,Industrials,Electrical Equipment & Parts,Taiwan,,2024-Q3
3665 TT,BIZLINK HOLDING INC,2024-09-01 00:00:00+08:00,2024,3,9,450.9972839355469,444.6383042021953,468.6067082923458,385.4510513984469,71024545,193969420,87479681586.55334,87.47968158655334,14259287000.0,14259.287,4181908000.0,1257207000.0,1986449000.0,2520457000.0,1.53373169336155,33.253086,33.979088,3.4724355,5.798729,,0.0,9.822022434387678,74.71661400912795,Industrials,Electrical Equipment & Parts,Taiwan,,2024-Q3
3665 TT,BIZLINK HOLDING INC,2024-10-01 00:00:00+08:00,2024,4,10,461.26947021484375,457.3562379637502,498.93409696531273,422.13735875734625,61342259,193969420,89472171601.28052,89.47217160128052,14411637000.0,14411.637,4147995000.0,1555805000.0,1977281000.0,2878506000.0,1.5520820362267056,33.253086,33.979088,3.4724355,5.798729,,1.0684264928533915,10.99539001706409,91.84069491187789,Industrials,Electrical Equipment & Parts,Taiwan,,2024-Q4
3665 TT,BIZLINK HOLDING INC,2024-11-01 00:00:00+08:00,2024,4,11,632.9614868164062,450.50811553234695,646.657708902722,450.50811553234695,87358229,193969420,122775172480.11597,122.77517248011597,14411637000.0,14411.637,4147995000.0,1555805000.0,1977281000.0,2878506000.0,2.1297922727327223,33.253086,33.979088,3.4724355,5.798729,,0.0,1.0684264928533915,150.78259826565937,Industrials,Electrical Equipment & Parts,Taiwan,,2024-Q4
3665 TT,BIZLINK HOLDING INC,2024-12-01 00:00:00+08:00,2024,4,12,598.720947265625,635.896444516654,721.9870157760499,578.176582413559,86201130,193969420,116133554882.96387,116.13355488296386,14411637000.0,14411.637,4147995000.0,1555805000.0,1977281000.0,2878506000.0,2.0145795179784898,33.253086,33.979088,3.4724355,5.798729,,0.0,1.0684264928533915,134.5509693380153,Industrials,Electrical Equipment & Parts,Taiwan,,2024-Q4
3665 TT,BIZLINK HOLDING INC,2025-01-01 00:00:00+08:00,2025,1,1,623.178466796875,598.720930478442,646.6577402552003,523.3916752009599,63834645,193969420,120877565761.0791,120.8775657610791,16120785000.0,16120.785,4897124000.0,1612107000.0,2352951000.0,3009200000.0,1.8745607884646918,33.253086,33.979088,3.4724355,5.798729,,11.859499375400585,13.054635901500555,182.17886011017103,Industrials,Electrical Equipment & Parts,Taiwan,,2025-Q1
3665 TT,BIZLINK HOLDING INC,2025-02-01 00:00:00+08:00,2025,1,2,582.0897827148438,563.5020049655352,708.2907535191196,558.6105098950782,75031707,193969420,112907617541.12427,112.90761754112427,16120785000.0,16120.785,4897124000.0,1612107000.0,2352951000.0,3009200000.0,1.750963391998657,33.253086,33.979088,3.4724355,5.798729,,0.0,11.859499375400585,151.07430687548896,Industrials,Electrical Equipment & Parts,Taiwan,,2025-Q1
3665 TT,BIZLINK HOLDING INC,2025-03-01 00:00:00+08:00,2025,1,3,493.06427001953125,577.19827952231,602.63413795214,491.1076539285864,66857695,193969420,95639390478.41187,95.63939047841187,16120785000.0,16120.785,4897124000.0,1612107000.0,2352951000.0,3009200000.0,1.4831689411900826,33.253086,33.979088,3.4724355,5.798729,,0.0,11.859499375400585,101.06671551651938,Industrials,Electrical Equipment & Parts,Taiwan,,2025-Q1
3665 TT,BIZLINK HOLDING INC,2025-04-01 00:00:00+08:00,2025,2,4,525.3482666015625,499.91240686158267,541.0010755334034,367.35245132255164,65011132,193969420,101901498570.71045,101.90149857071044,16933328000.0,16933.328,5268882000.0,2024484000.0,2877539000.0,3470803000.0,1.5044517322689086,33.253086,33.979088,3.4724355,5.798729,,5.040343879035669,17.497602805288537,138.39679080082007,Industrials,Electrical Equipment & Parts,Taiwan,,2025-Q2
3665 TT,BIZLINK HOLDING INC,2025-05-01 00:00:00+08:00,2025,2,5,631.0048828125,525.3482709046812,638.8313476435113,525.3482709046812,77637174,193969420,122395651136.3086,122.3956511363086,16933328000.0,16933.328,5268882000.0,2024484000.0,2877539000.0,3470803000.0,1.8070229776495883,33.253086,33.979088,3.4724355,5.798729,,0.0,5.040343879035669,138.27417359926645,Industrials,Electrical Equipment & Parts,Taiwan,,2025-Q2
3665 TT,BIZLINK HOLDING INC,2025-06-01 00:00:00+08:00,2025,2,6,829.6002197265625,619.2652708013984,839.3832097551377,597.7425841967662,113114947,193969420,160917073452.2339,160.9170734522339,16933328000.0,16933.328,5268882000.0,2024484000.0,2877539000.0,3470803000.0,2.375744942934931,33.253086,33.979088,3.4724355,5.798729,,0.0,5.040343879035669,132.01778006894557,Industrials,Electrical Equipment & Parts,Taiwan,,2025-Q2
3665 TT,BIZLINK HOLDING INC,2025-07-01 00:00:00+08:00,2025,3,7,900.0418701171875,825.6870185223651,915.690819607788,798.2808244288557,89586738,193969420,174580599522.3462,174.5805995223462,,,,,,,,33.253086,33.979088,3.4724355,5.798729,,0.0,5.040343879035669,148.3976799035334,Industrials,Electrical Equipment & Parts,Taiwan,,2025-Q3
3665 TT,BIZLINK HOLDING INC,2025-08-01 00:00:00+08:00,2025,3,8,1075.0,885.0,1075.0,849.0,91483216,193969420,208517126500.0,208.5171265,,,,,,,,33.253086,33.979088,3.4724355,5.798729,,0.0,0.0,141.23874826170666,Industrials,Electrical Equipment & Parts,Taiwan,,2025-Q3
3665 TT,BIZLINK HOLDING INC,2025-09-01 00:00:00+08:00,2025,3,9,1030.0,1045.0,1185.0,946.0,68613245,193969420,199788502600.0,199.7885026,,,,,,,,33.253086,33.979088,3.4724355,5.798729,,0.0,0.0,128.38275011589647,Industrials,Electrical Equipment & Parts,Taiwan,,2025-Q3
3665 TT,BIZLINK HOLDING INC,2025-10-01 00:00:00+08:00,2025,4,10,1105.0,1035.0,1115.0,1000.0,14524652,193969420,214336209100.0,214.3362091,,,,,,,,33.253086,33.979088,3.4724355,5.798729,,0.0,0.0,139.556283550552,Industrials,Electrical Equipment & Parts,Taiwan,,2025-Q4
