ticker,company_name,date,year,quarter,month,close_price,open_price,high_price,low_price,volume,shares_outstanding,market_cap,market_cap_billions,revenue,revenue_millions,gross_profit,net_income,operating_income,ebitda,ps_ratio,current_pe,forward_pe,current_ps,current_pb,peg_ratio,revenue_qoq_pct,revenue_yoy_pct,market_cap_yoy_pct,sector,industry,country,employees,year_quarter
4488 JP,AI INSIDE INC,2019-12-01 00:00:00+09:00,2019,4,12,12570.0,12600.0,15250.0,11860.0,1821500,3949743,49648269510.0,49.64826951,,,,,,,,,25.267052,2.703196,2.6337361,,,,,Technology,Software - Infrastructure,Japan,123,2019-Q4
4488 JP,AI INSIDE INC,2020-01-01 00:00:00+09:00,2020,1,1,13130.0,12570.0,15450.0,11800.0,1988800,3949743,51860125590.0,51.86012559,,,,,,,,,25.267052,2.703196,2.6337361,,,,,Technology,Software - Infrastructure,Japan,123,2020-Q1
4488 JP,AI INSIDE INC,2020-02-01 00:00:00+09:00,2020,1,2,18850.0,12230.0,21360.0,12230.0,1200300,3949743,74452655550.0,74.45265555,,,,,,,,,25.267052,2.703196,2.6337361,,,,,Technology,Software - Infrastructure,Japan,123,2020-Q1
4488 JP,AI INSIDE INC,2020-03-01 00:00:00+09:00,2020,1,3,16100.0,19000.0,23550.0,13280.0,991000,3949743,63590862300.0,63.5908623,,,,,,,,,25.267052,2.703196,2.6337361,,,,,Technology,Software - Infrastructure,Japan,123,2020-Q1
4488 JP,AI INSIDE INC,2020-04-01 00:00:00+09:00,2020,2,4,21050.0,16270.0,27160.0,15950.0,762500,3949743,83142090150.0,83.14209015,,,,,,,,,25.267052,2.703196,2.6337361,,,,,Technology,Software - Infrastructure,Japan,123,2020-Q2
4488 JP,AI INSIDE INC,2020-05-01 00:00:00+09:00,2020,2,5,23500.0,21000.0,25200.0,18030.0,1578400,3949743,92818960500.0,92.8189605,,,,,,,,,25.267052,2.703196,2.6337361,,,,,Technology,Software - Infrastructure,Japan,123,2020-Q2
4488 JP,AI INSIDE INC,2020-06-01 00:00:00+09:00,2020,2,6,32250.0,23500.0,41300.0,23100.0,3237600,3949743,127379211750.0,127.37921175,,,,,,,,,25.267052,2.703196,2.6337361,,,,,Technology,Software - Infrastructure,Japan,123,2020-Q2
4488 JP,AI INSIDE INC,2020-07-01 00:00:00+09:00,2020,3,7,31950.0,32600.0,36350.0,30200.0,1347900,3949743,126194288850.0,126.19428885,,,,,,,,,25.267052,2.703196,2.6337361,,,,,Technology,Software - Infrastructure,Japan,123,2020-Q3
4488 JP,AI INSIDE INC,2020-08-01 00:00:00+09:00,2020,3,8,45400.0,32300.0,49350.0,29950.0,2003400,3949743,179318332200.0,179.3183322,,,,,,,,,25.267052,2.703196,2.6337361,,,,,Technology,Software - Infrastructure,Japan,123,2020-Q3
4488 JP,AI INSIDE INC,2020-09-01 00:00:00+09:00,2020,3,9,44050.0,45500.0,54400.0,41250.0,2067600,3949743,173986179150.0,173.98617915,,,,,,,,,25.267052,2.703196,2.6337361,,,,,Technology,Software - Infrastructure,Japan,123,2020-Q3
4488 JP,AI INSIDE INC,2020-10-01 00:00:00+09:00,2020,4,10,58300.0,44050.0,67200.0,44050.0,2342500,3949743,230270016900.0,230.2700169,,,,,,,,,25.267052,2.703196,2.6337361,,,,,Technology,Software - Infrastructure,Japan,123,2020-Q4
4488 JP,AI INSIDE INC,2020-11-01 00:00:00+09:00,2020,4,11,68200.0,58000.0,96000.0,58000.0,3220800,3949743,269372472600.0,269.3724726,,,,,,,,,25.267052,2.703196,2.6337361,,,,,Technology,Software - Infrastructure,Japan,123,2020-Q4
4488 JP,AI INSIDE INC,2020-12-01 00:00:00+09:00,2020,4,12,73400.0,71400.0,78200.0,64300.0,2881700,3949743,289911136200.0,289.9111362,,,,,,,,,25.267052,2.703196,2.6337361,,,,483.92999204455054,Technology,Software - Infrastructure,Japan,123,2020-Q4
4488 JP,AI INSIDE INC,2021-01-01 00:00:00+09:00,2021,1,1,64900.0,73400.0,78900.0,64300.0,2225900,3949743,256338320700.0,256.3383207,,,,,,,,,25.267052,2.703196,2.6337361,,,,394.2878903274943,Technology,Software - Infrastructure,Japan,123,2021-Q1
4488 JP,AI INSIDE INC,2021-02-01 00:00:00+09:00,2021,1,2,41050.0,63900.0,70500.0,39900.0,3142500,3949743,162136950150.0,162.13695015,,,,,,,,,25.267052,2.703196,2.6337361,,,,117.77188328912467,Technology,Software - Infrastructure,Japan,123,2021-Q1
4488 JP,AI INSIDE INC,2021-03-01 00:00:00+09:00,2021,1,3,35550.0,41500.0,43350.0,32750.0,2321200,3949743,140413363650.0,140.41336365,,,,,,,,,25.267052,2.703196,2.6337361,,,,120.80745341614904,Technology,Software - Infrastructure,Japan,123,2021-Q1
4488 JP,AI INSIDE INC,2021-04-01 00:00:00+09:00,2021,2,4,30300.0,36700.0,39950.0,30300.0,2604700,3949743,119677212900.0,119.6772129,,,,,,,,,25.267052,2.703196,2.6337361,,,,43.94299287410925,Technology,Software - Infrastructure,Japan,123,2021-Q2
4488 JP,AI INSIDE INC,2021-05-01 00:00:00+09:00,2021,2,5,16590.0,30300.0,30300.0,13790.0,12828100,3949743,65526236370.0,65.52623637,,,,,,,,,25.267052,2.703196,2.6337361,,,,-29.40425531914893,Technology,Software - Infrastructure,Japan,123,2021-Q2
4488 JP,AI INSIDE INC,2021-06-01 00:00:00+09:00,2021,2,6,13410.0,16680.0,16910.0,13310.0,2942900,3949743,52966053630.0,52.96605363,,,,,,,,,25.267052,2.703196,2.6337361,,,,-58.418604651162795,Technology,Software - Infrastructure,Japan,123,2021-Q2
4488 JP,AI INSIDE INC,2021-07-01 00:00:00+09:00,2021,3,7,10580.0,13330.0,13330.0,10460.0,1265000,3949743,41788280940.0,41.78828094,,,,,,,,,25.267052,2.703196,2.6337361,,,,-66.88575899843505,Technology,Software - Infrastructure,Japan,123,2021-Q3
4488 JP,AI INSIDE INC,2021-08-01 00:00:00+09:00,2021,3,8,10790.0,10830.0,11080.0,8500.0,2314400,3949743,42617726970.0,42.61772697,,,,,,,,,25.267052,2.703196,2.6337361,,,,-76.23348017621146,Technology,Software - Infrastructure,Japan,123,2021-Q3
4488 JP,AI INSIDE INC,2021-09-01 00:00:00+09:00,2021,3,9,9010.0,12300.0,13160.0,8930.0,3942600,3949743,35587184430.0,35.58718443,,,,,,,,,25.267052,2.703196,2.6337361,,,,-79.54597048808172,Technology,Software - Infrastructure,Japan,123,2021-Q3
4488 JP,AI INSIDE INC,2021-10-01 00:00:00+09:00,2021,4,10,7110.0,9010.0,9290.0,7080.0,1223000,3949743,28082672730.0,28.08267273,,,,,,,,,25.267052,2.703196,2.6337361,,,,-87.80445969125215,Technology,Software - Infrastructure,Japan,123,2021-Q4
4488 JP,AI INSIDE INC,2021-11-01 00:00:00+09:00,2021,4,11,5940.0,7180.0,7940.0,5940.0,1797500,3949743,23461473420.0,23.46147342,,,,,,,,,25.267052,2.703196,2.6337361,,,,-91.29032258064515,Technology,Software - Infrastructure,Japan,123,2021-Q4
4488 JP,AI INSIDE INC,2021-12-01 00:00:00+09:00,2021,4,12,5960.0,5940.0,8750.0,5690.0,2533300,3949743,23540468280.0,23.54046828,,,,,,,,,25.267052,2.703196,2.6337361,,,,-91.88010899182561,Technology,Software - Infrastructure,Japan,123,2021-Q4
4488 JP,AI INSIDE INC,2022-01-01 00:00:00+09:00,2022,1,1,4400.0,5960.0,6040.0,4115.0,1062000,3949743,17378869200.0,17.3788692,,,,,,,,,25.267052,2.703196,2.6337361,,,,-93.22033898305084,Technology,Software - Infrastructure,Japan,123,2022-Q1
4488 JP,AI INSIDE INC,2022-02-01 00:00:00+09:00,2022,1,2,4090.0,4585.0,4935.0,3640.0,1126200,3949743,16154448870.0,16.15444887,,,,,,,,,25.267052,2.703196,2.6337361,,,,-90.0365408038977,Technology,Software - Infrastructure,Japan,123,2022-Q1
4488 JP,AI INSIDE INC,2022-03-01 00:00:00+09:00,2022,1,3,5280.0,4155.0,5930.0,3705.0,1727300,3949743,20854643040.0,20.85464304,,,,,,,,,25.267052,2.703196,2.6337361,,,,-85.14767932489451,Technology,Software - Infrastructure,Japan,123,2022-Q1
4488 JP,AI INSIDE INC,2022-04-01 00:00:00+09:00,2022,2,4,4480.0,5180.0,5620.0,4340.0,793100,3949743,17694848640.0,17.69484864,,,,,,,,,25.267052,2.703196,2.6337361,,,,-85.2145214521452,Technology,Software - Infrastructure,Japan,123,2022-Q2
4488 JP,AI INSIDE INC,2022-05-01 00:00:00+09:00,2022,2,5,4065.0,4410.0,4500.0,3650.0,677900,3949743,16055705295.0,16.055705295,,,,,,,,,25.267052,2.703196,2.6337361,,,,-75.49728752260398,Technology,Software - Infrastructure,Japan,123,2022-Q2
4488 JP,AI INSIDE INC,2022-06-01 00:00:00+09:00,2022,2,6,3710.0,4065.0,4640.0,3680.0,745100,3949743,14653546530.0,14.65354653,,,,,,,,,25.267052,2.703196,2.6337361,,,,-72.33407904548844,Technology,Software - Infrastructure,Japan,123,2022-Q2
4488 JP,AI INSIDE INC,2022-07-01 00:00:00+09:00,2022,3,7,4140.0,3715.0,4460.0,3670.0,429400,3949743,16351936020.0,16.35193602,,,,,,,,,25.267052,2.703196,2.6337361,,,,-60.86956521739131,Technology,Software - Infrastructure,Japan,123,2022-Q3
4488 JP,AI INSIDE INC,2022-08-01 00:00:00+09:00,2022,3,8,4505.0,4135.0,5270.0,3940.0,794500,3949743,17793592215.0,17.793592215,,,,,,,,,25.267052,2.703196,2.6337361,,,,-58.2483781278962,Technology,Software - Infrastructure,Japan,123,2022-Q3
4488 JP,AI INSIDE INC,2022-09-01 00:00:00+09:00,2022,3,9,4210.0,4425.0,5050.0,4095.0,464200,3949743,16628418030.0,16.62841803,,,,,,,,,25.267052,2.703196,2.6337361,,,,-53.27413984461708,Technology,Software - Infrastructure,Japan,123,2022-Q3
4488 JP,AI INSIDE INC,2022-10-01 00:00:00+09:00,2022,4,10,4285.0,4165.0,4615.0,3950.0,306600,3949743,16924648755.0,16.924648755,,,,,,,,,25.267052,2.703196,2.6337361,,,,-39.73277074542897,Technology,Software - Infrastructure,Japan,123,2022-Q4
4488 JP,AI INSIDE INC,2022-11-01 00:00:00+09:00,2022,4,11,5420.0,4300.0,6330.0,4100.0,948400,3949743,21407607060.0,21.40760706,,,,,,,,,25.267052,2.703196,2.6337361,,,,-8.754208754208758,Technology,Software - Infrastructure,Japan,123,2022-Q4
4488 JP,AI INSIDE INC,2022-12-01 00:00:00+09:00,2022,4,12,4375.0,5620.0,5650.0,4130.0,370400,3949743,17280125625.0,17.280125625,,,,,,,,,25.267052,2.703196,2.6337361,,,,-26.593959731543627,Technology,Software - Infrastructure,Japan,123,2022-Q4
4488 JP,AI INSIDE INC,2023-01-01 00:00:00+09:00,2023,1,1,4500.0,4375.0,4650.0,4305.0,183800,3949743,17773843500.0,17.7738435,,,,,,,,,25.267052,2.703196,2.6337361,,,,2.2727272727272707,Technology,Software - Infrastructure,Japan,123,2023-Q1
4488 JP,AI INSIDE INC,2023-02-01 00:00:00+09:00,2023,1,2,4055.0,4540.0,4630.0,3990.0,211400,3949743,16016207865.0,16.016207865,,,,,,,,,25.267052,2.703196,2.6337361,,,,-0.8557457212713948,Technology,Software - Infrastructure,Japan,123,2023-Q1
4488 JP,AI INSIDE INC,2023-03-01 00:00:00+09:00,2023,1,3,4265.0,4055.0,5150.0,4000.0,1234400,3949743,16845653895.0,16.845653895,,,,,,,,,25.267052,2.703196,2.6337361,,,,-19.22348484848485,Technology,Software - Infrastructure,Japan,123,2023-Q1
4488 JP,AI INSIDE INC,2023-04-01 00:00:00+09:00,2023,2,4,4320.0,4265.0,4900.0,4110.0,360800,3949743,17062889760.0,17.06288976,,,,,,,,,25.267052,2.703196,2.6337361,,,,-3.57142857142857,Technology,Software - Infrastructure,Japan,123,2023-Q2
4488 JP,AI INSIDE INC,2023-05-01 00:00:00+09:00,2023,2,5,4560.0,4370.0,4670.0,3920.0,321000,3949743,18010828080.0,18.01082808,,,,,,,,,25.267052,2.703196,2.6337361,,,,12.177121771217703,Technology,Software - Infrastructure,Japan,123,2023-Q2
4488 JP,AI INSIDE INC,2023-06-01 00:00:00+09:00,2023,2,6,6410.0,4630.0,8780.0,4480.0,6979900,3949743,25317852630.0,25.31785263,,,,,,,,,25.267052,2.703196,2.6337361,,,,72.77628032345014,Technology,Software - Infrastructure,Japan,123,2023-Q2
4488 JP,AI INSIDE INC,2023-07-01 00:00:00+09:00,2023,3,7,4470.0,6380.0,6420.0,4370.0,1451200,3949743,17655351210.0,17.65535121,,,,,,,,,25.267052,2.703196,2.6337361,,,,7.971014492753614,Technology,Software - Infrastructure,Japan,123,2023-Q3
4488 JP,AI INSIDE INC,2023-08-01 00:00:00+09:00,2023,3,8,4275.0,4470.0,4825.0,4090.0,954000,3949743,16885151325.0,16.885151325,,,,,,,,,25.267052,2.703196,2.6337361,,,,-5.1054384017758085,Technology,Software - Infrastructure,Japan,123,2023-Q3
4488 JP,AI INSIDE INC,2023-09-01 00:00:00+09:00,2023,3,9,4455.0,4275.0,4825.0,4215.0,719100,3949743,17596105065.0,17.596105065,,,,,,,,,25.267052,2.703196,2.6337361,,,,5.819477434679343,Technology,Software - Infrastructure,Japan,123,2023-Q3
4488 JP,AI INSIDE INC,2023-10-01 00:00:00+09:00,2023,4,10,5050.0,4435.0,5210.0,4160.0,1245500,3949743,19946202150.0,19.94620215,,,,,,,,,25.267052,2.703196,2.6337361,,,,17.852975495915977,Technology,Software - Infrastructure,Japan,123,2023-Q4
4488 JP,AI INSIDE INC,2023-11-01 00:00:00+09:00,2023,4,11,5670.0,5140.0,6140.0,4830.0,977900,3949743,22395042810.0,22.39504281,,,,,,,,,25.267052,2.703196,2.6337361,,,,4.612546125461248,Technology,Software - Infrastructure,Japan,123,2023-Q4
4488 JP,AI INSIDE INC,2023-12-01 00:00:00+09:00,2023,4,12,6480.0,5720.0,6880.0,5600.0,1579100,3949743,25594334640.0,25.59433464,,,,,,,,,25.267052,2.703196,2.6337361,,,,48.11428571428571,Technology,Software - Infrastructure,Japan,123,2023-Q4
4488 JP,AI INSIDE INC,2024-01-01 00:00:00+09:00,2024,1,1,7370.0,6480.0,7840.0,6070.0,1749900,3949743,29109605910.0,29.10960591,1086326000.0,1086.326,866331000.0,61791000.0,98773000.0,89779000.0,6.699095370542544,,25.267052,2.703196,2.6337361,,,,63.77777777777778,Technology,Software - Infrastructure,Japan,123,2024-Q1
4488 JP,AI INSIDE INC,2024-02-01 00:00:00+09:00,2024,1,2,10330.0,7240.0,11050.0,6980.0,3326400,3949743,40800845190.0,40.80084519,1086326000.0,1086.326,866331000.0,61791000.0,98773000.0,89779000.0,9.389641136730594,,25.267052,2.703196,2.6337361,,0.0,,154.74722564734896,Technology,Software - Infrastructure,Japan,123,2024-Q1
4488 JP,AI INSIDE INC,2024-03-01 00:00:00+09:00,2024,1,3,7770.0,10560.0,11370.0,7540.0,2399700,3949743,30689503110.0,30.68950311,1086326000.0,1086.326,866331000.0,61791000.0,98773000.0,89779000.0,7.062682636243633,,25.267052,2.703196,2.6337361,,0.0,,82.18053927315358,Technology,Software - Infrastructure,Japan,123,2024-Q1
4488 JP,AI INSIDE INC,2024-04-01 00:00:00+09:00,2024,2,4,6200.0,7650.0,7660.0,6080.0,742700,3949743,24488406600.0,24.4884066,,,,,,,,,25.267052,2.703196,2.6337361,,0.0,,43.51851851851851,Technology,Software - Infrastructure,Japan,123,2024-Q2
4488 JP,AI INSIDE INC,2024-05-01 00:00:00+09:00,2024,2,5,4770.0,6100.0,6430.0,4735.0,660300,3949743,18840274110.0,18.84027411,,,,,,,,,25.267052,2.703196,2.6337361,,0.0,0.0,4.6052631578947345,Technology,Software - Infrastructure,Japan,123,2024-Q2
4488 JP,AI INSIDE INC,2024-06-01 00:00:00+09:00,2024,2,6,4900.0,4810.0,5170.0,4650.0,339400,3949743,19353740700.0,19.3537407,,,,,,,,,25.267052,2.703196,2.6337361,,0.0,0.0,-23.556942277691107,Technology,Software - Infrastructure,Japan,123,2024-Q2
4488 JP,AI INSIDE INC,2024-07-01 00:00:00+09:00,2024,3,7,4555.0,4925.0,5350.0,4410.0,481100,3949743,17991079365.0,17.991079365,,,,,,,,,25.267052,2.703196,2.6337361,,0.0,0.0,1.9015659955257336,Technology,Software - Infrastructure,Japan,123,2024-Q3
4488 JP,AI INSIDE INC,2024-08-01 00:00:00+09:00,2024,3,8,4110.0,4575.0,4575.0,3345.0,514000,3949743,16233443730.0,16.23344373,,,,,,,,,25.267052,2.703196,2.6337361,,0.0,0.0,-3.8596491228070184,Technology,Software - Infrastructure,Japan,123,2024-Q3
4488 JP,AI INSIDE INC,2024-09-01 00:00:00+09:00,2024,3,9,3735.0,4135.0,4270.0,3670.0,250900,3949743,14752290105.0,14.752290105,,,,,,,,,25.267052,2.703196,2.6337361,,0.0,0.0,-16.161616161616166,Technology,Software - Infrastructure,Japan,123,2024-Q3
4488 JP,AI INSIDE INC,2024-10-01 00:00:00+09:00,2024,4,10,3460.0,3735.0,3785.0,3195.0,309400,3949743,13666110780.0,13.66611078,,,,,,,,,25.267052,2.703196,2.6337361,,0.0,0.0,-31.48514851485148,Technology,Software - Infrastructure,Japan,123,2024-Q4
4488 JP,AI INSIDE INC,2024-11-01 00:00:00+09:00,2024,4,11,3305.0,3420.0,3575.0,3250.0,197000,3949743,13053900615.0,13.053900615,,,,,,,,,25.267052,2.703196,2.6337361,,0.0,0.0,-41.71075837742504,Technology,Software - Infrastructure,Japan,123,2024-Q4
4488 JP,AI INSIDE INC,2024-12-01 00:00:00+09:00,2024,4,12,3260.0,3300.0,3300.0,2950.0,365300,3949743,12876162180.0,12.87616218,,,,,,,,,25.267052,2.703196,2.6337361,,0.0,0.0,-49.691358024691354,Technology,Software - Infrastructure,Japan,123,2024-Q4
4488 JP,AI INSIDE INC,2025-01-01 00:00:00+09:00,2025,1,1,3355.0,3260.0,3560.0,2910.0,349600,3949743,13251387765.0,13.251387765,,,,,,,,,25.267052,2.703196,2.6337361,,0.0,0.0,-54.47761194029851,Technology,Software - Infrastructure,Japan,123,2025-Q1
4488 JP,AI INSIDE INC,2025-02-01 00:00:00+09:00,2025,1,2,3125.0,3305.0,3920.0,3105.0,379300,3949743,12342946875.0,12.342946875,,,,,,,,,25.267052,2.703196,2.6337361,,0.0,0.0,-69.74830590513068,Technology,Software - Infrastructure,Japan,123,2025-Q1
4488 JP,AI INSIDE INC,2025-03-01 00:00:00+09:00,2025,1,3,2941.0,3150.0,3295.0,2920.0,137800,3949743,11616194163.0,11.616194163,,,,,,,,,25.267052,2.703196,2.6337361,,0.0,0.0,-62.149292149292144,Technology,Software - Infrastructure,Japan,123,2025-Q1
4488 JP,AI INSIDE INC,2025-04-01 00:00:00+09:00,2025,2,4,3120.0,2991.0,3120.0,2350.0,180900,3949743,12323198160.0,12.32319816,,,,,,,,,25.267052,2.703196,2.6337361,,0.0,0.0,-49.67741935483871,Technology,Software - Infrastructure,Japan,123,2025-Q2
4488 JP,AI INSIDE INC,2025-05-01 00:00:00+09:00,2025,2,5,3035.0,3070.0,3285.0,2861.0,157300,3949743,11987470005.0,11.987470005,,,,,,,,,25.267052,2.703196,2.6337361,,0.0,0.0,-36.37316561844863,Technology,Software - Infrastructure,Japan,123,2025-Q2
4488 JP,AI INSIDE INC,2025-06-01 00:00:00+09:00,2025,2,6,3595.0,3050.0,4995.0,2900.0,1934000,3949743,14199326085.0,14.199326085,,,,,,,,,25.267052,2.703196,2.6337361,,0.0,0.0,-26.632653061224488,Technology,Software - Infrastructure,Japan,123,2025-Q2
4488 JP,AI INSIDE INC,2025-07-01 00:00:00+09:00,2025,3,7,4070.0,3595.0,4220.0,3250.0,1327100,3949743,16075454010.0,16.07545401,,,,,,,,,25.267052,2.703196,2.6337361,,0.0,0.0,-10.647639956092203,Technology,Software - Infrastructure,Japan,123,2025-Q3
4488 JP,AI INSIDE INC,2025-08-01 00:00:00+09:00,2025,3,8,3230.0,4090.0,4245.0,3130.0,1199600,3949743,12757669890.0,12.75766989,,,,,,,,,25.267052,2.703196,2.6337361,,0.0,0.0,-21.411192214111917,Technology,Software - Infrastructure,Japan,123,2025-Q3
4488 JP,AI INSIDE INC,2025-09-01 00:00:00+09:00,2025,3,9,3265.0,3210.0,3390.0,3040.0,465700,3949743,12895910895.0,12.895910895,,,,,,,,,25.267052,2.703196,2.6337361,,0.0,0.0,-12.583668005354752,Technology,Software - Infrastructure,Japan,123,2025-Q3
4488 JP,AI INSIDE INC,2025-10-01 00:00:00+09:00,2025,4,10,3075.0,3205.0,3210.0,2981.0,187400,3949743,12145459725.0,12.145459725,,,,,,,,,25.267052,2.703196,2.6337361,,0.0,0.0,-11.1271676300578,Technology,Software - Infrastructure,Japan,123,2025-Q4
