ticker,company_name,date,year,quarter,month,close_price,open_price,high_price,low_price,volume,shares_outstanding,market_cap,market_cap_billions,revenue,revenue_millions,net_income,operating_income,ebitda,ps_ratio,current_pe,forward_pe,current_ps,current_pb,peg_ratio,revenue_qoq_pct,revenue_yoy_pct,market_cap_yoy_pct,sector,industry,country,employees,year_quarter
4755 JP,RAKUTEN GROUP INC,2015-01-01 00:00:00+09:00,2015,1,1,1586.5909423828125,1625.7242756145445,1639.2518475958839,1472.5728356829513,69670800,2165034529,3435024173657.4385,3435.0241736574385,,,,,,,,-128.29172,0.88536686,2.6232283,,,,,Consumer Cyclical,Internet Retail,Japan,29334,2015-Q1
4755 JP,RAKUTEN GROUP INC,2015-02-01 00:00:00+09:00,2015,1,2,1924.7802734375,1577.4115443708429,1940.2403559550703,1562.4345894319465,97432400,2165034529,4167215752730.249,4167.215752730249,,,,,,,,-128.29172,0.88536686,2.6232283,,,,,Consumer Cyclical,Internet Retail,Japan,29334,2015-Q1
4755 JP,RAKUTEN GROUP INC,2015-03-01 00:00:00+09:00,2015,1,3,2047.01171875,1922.8479208461176,2153.782922394973,1856.6594371386004,112536300,2165034529,4431851052361.387,4431.851052361387,,,,,,,,-128.29172,0.88536686,2.6232283,,,,,Consumer Cyclical,Internet Retail,Japan,29334,2015-Q1
4755 JP,RAKUTEN GROUP INC,2015-04-01 00:00:00+09:00,2015,2,4,2025.7537841796875,2038.7982278173818,2314.180926835369,1982.2723053873738,93488500,2165034529,4385826890001.4375,4385.826890001437,,,,,,,,-128.29172,0.88536686,2.6232283,,,,,Consumer Cyclical,Internet Retail,Japan,29334,2015-Q2
4755 JP,RAKUTEN GROUP INC,2015-05-01 00:00:00+09:00,2015,2,5,1974.059326171875,2027.6864884834458,2111.2675612753533,1932.5103535701176,66319300,2165034529,4273906603456.583,4273.906603456583,,,,,,,,-128.29172,0.88536686,2.6232283,,,,,Consumer Cyclical,Internet Retail,Japan,29334,2015-Q2
4755 JP,RAKUTEN GROUP INC,2015-06-01 00:00:00+09:00,2015,2,6,1910.769775390625,1968.2619633227323,2026.7204065142028,1765.3483588564714,177020300,2165034529,4136882540690.2773,4136.882540690277,,,,,,,,-128.29172,0.88536686,2.6232283,,,,,Consumer Cyclical,Internet Retail,Japan,29334,2015-Q2
4755 JP,RAKUTEN GROUP INC,2015-07-01 00:00:00+09:00,2015,3,7,1928.162109375,1911.252644622275,2057.6402966244364,1821.874045215015,142038100,2165034529,4174537544306.3496,4174.537544306349,,,,,,,,-128.29172,0.88536686,2.6232283,,,,,Consumer Cyclical,Internet Retail,Japan,29334,2015-Q3
4755 JP,RAKUTEN GROUP INC,2015-08-01 00:00:00+09:00,2015,3,8,1675.4864501953125,1943.1391299554632,2022.8551807865551,1479.8197799735415,133448900,2165034529,3627486017544.49,3627.48601754449,,,,,,,,-128.29172,0.88536686,2.6232283,,,,,Consumer Cyclical,Internet Retail,Japan,29334,2015-Q3
4755 JP,RAKUTEN GROUP INC,2015-09-01 00:00:00+09:00,2015,3,9,1472.57275390625,1654.2287104248687,1656.1612206005989,1403.485515123903,134075600,2165034529,3188170858671.651,3188.170858671651,,,,,,,,-128.29172,0.88536686,2.6232283,,,,,Consumer Cyclical,Internet Retail,Japan,29334,2015-Q3
4755 JP,RAKUTEN GROUP INC,2015-10-01 00:00:00+09:00,2015,4,10,1630.5555419921875,1472.5728272569445,1692.878998263889,1471.606572120949,105900100,2165034529,3530209049865.3955,3530.2090498653956,,,,,,,,-128.29172,0.88536686,2.6232283,,,,,Consumer Cyclical,Internet Retail,Japan,29334,2015-Q4
4755 JP,RAKUTEN GROUP INC,2015-11-01 00:00:00+09:00,2015,4,11,1499.628173828125,1608.8150189586522,1623.3088479582798,1456.1466868292425,111604300,2165034529,3246746776999.1045,3246.7467769991044,,,,,,,,-128.29172,0.88536686,2.6232283,,,,,Consumer Cyclical,Internet Retail,Japan,29334,2015-Q4
4755 JP,RAKUTEN GROUP INC,2015-12-01 00:00:00+09:00,2015,4,12,1355.6558837890625,1505.9085494549208,1516.5373553862676,1302.028726589994,119737300,2165034529,2935041797845.3315,2935.0417978453315,,,,,,,,-128.29172,0.88536686,2.6232283,,,,,Consumer Cyclical,Internet Retail,Japan,29334,2015-Q4
4755 JP,RAKUTEN GROUP INC,2016-01-01 00:00:00+09:00,2016,1,1,1190.955078125,1360.1220794541107,1383.8733203283984,1069.2905585444648,144464400,2165034529,2578458866628.5176,2578.4588666285176,,,,,,,,-128.29172,0.88536686,2.6232283,,,,-24.93622355259567,Consumer Cyclical,Internet Retail,Japan,29334,2016-Q1
4755 JP,RAKUTEN GROUP INC,2016-02-01 00:00:00+09:00,2016,1,2,1040.2071533203125,1226.3392814074514,1256.8765836717475,913.8893719784714,188143200,2165034529,2252084404251.2734,2252.0844042512736,,,,,,,,-128.29172,0.88536686,2.6232283,,,,-45.95709610725657,Consumer Cyclical,Internet Retail,Japan,29334,2016-Q1
4755 JP,RAKUTEN GROUP INC,2016-03-01 00:00:00+09:00,2016,1,3,1052.325439453125,1032.4519511907674,1144.9068116021563,985.4341862773852,148301000,2165034529,2278320912161.1143,2278.3209121611144,,,,,,,,-128.29172,0.88536686,2.6232283,,,,-48.59211455341724,Consumer Cyclical,Internet Retail,Japan,29334,2016-Q1
4755 JP,RAKUTEN GROUP INC,2016-04-01 00:00:00+09:00,2016,2,4,1183.1995849609375,1049.4170837527365,1290.8072489762296,1014.517300828858,153382600,2165034529,2561667956138.899,2561.6679561388987,,,,,,,,-128.29172,0.88536686,2.6232283,,,,-41.59213255819909,Consumer Cyclical,Internet Retail,Japan,29334,2016-Q2
4755 JP,RAKUTEN GROUP INC,2016-05-01 00:00:00+09:00,2016,2,5,1157.994140625,1125.0332358269675,1236.0339299262243,1078.984912947363,122194800,2165034529,2507097298832.8066,2507.0972988328067,,,,,,,,-128.29172,0.88536686,2.6232283,,,,-41.33944581743654,Consumer Cyclical,Internet Retail,Japan,29334,2016-Q2
4755 JP,RAKUTEN GROUP INC,2016-06-01 00:00:00+09:00,2016,2,6,1068.8057861328125,1157.5093955941752,1184.653669527707,959.7439712213011,109195300,2165034529,2314001431772.5283,2314.001431772528,,,,,,,,-128.29172,0.88536686,2.6232283,,,,-44.06412536464196,Consumer Cyclical,Internet Retail,Japan,29334,2016-Q2
4755 JP,RAKUTEN GROUP INC,2016-07-01 00:00:00+09:00,2016,3,7,1139.5748291015625,1074.6224568771433,1165.7496656696119,1013.5478382183611,94161000,2165034529,2467218853384.1567,2467.218853384157,,,,,,,,-128.29172,0.88536686,2.6232283,,,,-40.89839108647626,Consumer Cyclical,Internet Retail,Japan,29334,2016-Q3
4755 JP,RAKUTEN GROUP INC,2016-08-01 00:00:00+09:00,2016,3,8,1264.1475830078125,1138.605319204506,1289.3529796015264,1072.1987935633747,107279700,2165034529,2736923166963.8076,2736.9231669638075,,,,,,,,-128.29172,0.88536686,2.6232283,,,,-24.550414426780353,Consumer Cyclical,Internet Retail,Japan,29334,2016-Q3
4755 JP,RAKUTEN GROUP INC,2016-09-01 00:00:00+09:00,2016,3,9,1270.93359375,1273.3571894665333,1417.3187750286043,1251.5448280177345,177274300,2165034529,2751615114534.8086,2751.6151145348085,,,,,,,,-128.29172,0.88536686,2.6232283,,,,-13.692984582348666,Consumer Cyclical,Internet Retail,Japan,29334,2016-Q3
4755 JP,RAKUTEN GROUP INC,2016-10-01 00:00:00+09:00,2016,4,10,1175.44384765625,1274.8112657055412,1298.562502214884,1171.5660947567656,98616600,2165034529,2544876517076.397,2544.876517076397,,,,,,,,-128.29172,0.88536686,2.6232283,,,,-27.91144996998318,Consumer Cyclical,Internet Retail,Japan,29334,2016-Q4
4755 JP,RAKUTEN GROUP INC,2016-11-01 00:00:00+09:00,2016,4,11,1093.5264892578125,1179.3217856224546,1189.9856077694724,1081.4085095452924,142322900,2165034529,2367522607619.3115,2367.5226076193117,,,,,,,,-128.29172,0.88536686,2.6232283,,,,-27.080158379103413,Consumer Cyclical,Internet Retail,Japan,29334,2016-Q4
4755 JP,RAKUTEN GROUP INC,2016-12-01 00:00:00+09:00,2016,4,12,1110.49169921875,1094.0112462403836,1147.8150780226974,1076.0766356462789,133734100,2165034529,2404252872976.476,2404.2528729764763,,,,,,,,-128.29172,0.88536686,2.6232283,,,,-18.084543983616086,Consumer Cyclical,Internet Retail,Japan,29334,2016-Q4
4755 JP,RAKUTEN GROUP INC,2017-01-01 00:00:00+09:00,2017,1,1,1097.2838134765625,1114.801426463328,1206.768894643847,1059.3289853385704,117949900,2165034529,2375657344289.553,2375.6573442895533,,,,,,,,-128.29172,0.88536686,2.6232283,,,,-7.86522232189567,Consumer Cyclical,Internet Retail,Japan,29334,2017-Q1
4755 JP,RAKUTEN GROUP INC,2017-02-01 00:00:00+09:00,2017,1,2,1083.17236328125,1080.7393615667818,1138.6448023711253,997.0441025890751,189068000,2165034529,2345105567362.438,2345.105567362438,,,,,,,,-128.29172,0.88536686,2.6232283,,,,4.1304474617189335,Consumer Cyclical,Internet Retail,Japan,29334,2017-Q1
4755 JP,RAKUTEN GROUP INC,2017-03-01 00:00:00+09:00,2017,1,3,1085.1187744140625,1080.2527709413537,1108.9621914303357,1031.5927362142656,173486400,2165034529,2349319614672.607,2349.319614672607,,,,,,,,-128.29172,0.88536686,2.6232283,,,,3.1162731348564288,Consumer Cyclical,Internet Retail,Japan,29334,2017-Q1
4755 JP,RAKUTEN GROUP INC,2017-04-01 00:00:00+09:00,2017,2,4,1110.421875,1087.0650608019282,1179.032516706836,1085.6052599145487,161140800,2165034529,2404101701131.922,2404.101701131922,,,,,,,,-128.29172,0.88536686,2.6232283,,,,-6.150924230026689,Consumer Cyclical,Internet Retail,Japan,29334,2017-Q2
4755 JP,RAKUTEN GROUP INC,2017-05-01 00:00:00+09:00,2017,2,5,1309.927978515625,1107.015657920894,1359.5612080136168,1097.7702524261701,174238200,2165034529,2836039303989.498,2836.039303989498,,,,,,,,-128.29172,0.88536686,2.6232283,,,,13.120432354573254,Consumer Cyclical,Internet Retail,Japan,29334,2017-Q2
4755 JP,RAKUTEN GROUP INC,2017-06-01 00:00:00+09:00,2017,2,6,1286.5711669921875,1309.4413806263149,1369.7798165972042,1277.3257614805188,127324600,2165034529,2785471000553.911,2785.471000553911,,,,,,,,-128.29172,0.88536686,2.6232283,,,,20.37464464402843,Consumer Cyclical,Internet Retail,Japan,29334,2017-Q2
4755 JP,RAKUTEN GROUP INC,2017-07-01 00:00:00+09:00,2017,3,7,1311.87451171875,1286.0846937954957,1322.5797191585914,1261.754676886765,102394300,2165034529,2840253615586.109,2840.253615586109,,,,,,,,-128.29172,0.88536686,2.6232283,,,,15.119646223936712,Consumer Cyclical,Internet Retail,Japan,29334,2017-Q3
4755 JP,RAKUTEN GROUP INC,2017-08-01 00:00:00+09:00,2017,3,8,1270.513427734375,1308.4682524617901,1358.5880851146592,1231.0988020559053,95978200,2165034529,2750705440603.0684,2750.7054406030684,,,,,,,,-128.29172,0.88536686,2.6232283,,,,0.5035681602472586,Consumer Cyclical,Internet Retail,Japan,29334,2017-Q3
4755 JP,RAKUTEN GROUP INC,2017-09-01 00:00:00+09:00,2017,3,9,1194.1170654296875,1273.919509900131,1275.865910984776,1184.871660277624,90101600,2165034529,2585304678323.426,2585.304678323426,,,,,,,,-128.29172,0.88536686,2.6232283,,,,-6.044102437615062,Consumer Cyclical,Internet Retail,Japan,29334,2017-Q3
4755 JP,RAKUTEN GROUP INC,2017-10-01 00:00:00+09:00,2017,4,10,1176.5997314453125,1200.9297507059682,1240.3443819082306,1138.6449013986894,89795200,2165034529,2547379045391.2285,2547.3790453912284,,,,,,,,-128.29172,0.88536686,2.6232283,,,,0.09833594274768487,Consumer Cyclical,Internet Retail,Japan,29334,2017-Q4
4755 JP,RAKUTEN GROUP INC,2017-11-01 00:00:00+09:00,2017,4,11,1116.7479248046875,1175.6265735634531,1178.059575578278,1082.1992961941721,148987500,2165034529,2417797817391.244,2417.7978173912443,,,,,,,,-128.29172,0.88536686,2.6232283,,,,2.1235366289696245,Consumer Cyclical,Internet Retail,Japan,29334,2017-Q4
4755 JP,RAKUTEN GROUP INC,2017-12-01 00:00:00+09:00,2017,4,12,1004.8297119140625,1119.180792930917,1119.180792930917,983.9058970897019,188713700,2165034529,2175491022059.0679,2175.4910220590677,,,,,,,,-128.29172,0.88536686,2.6232283,,,,-9.51488312600829,Consumer Cyclical,Internet Retail,Japan,29334,2017-Q4
4755 JP,RAKUTEN GROUP INC,2018-01-01 00:00:00+09:00,2018,1,1,963.5869750976562,1009.2346968026877,1021.4530345363764,930.4508789598038,301478800,2165034529,2086199072781.0889,2086.199072781089,,,,,,,,-128.29172,0.88536686,2.6232283,,,,-12.18434435438448,Consumer Cyclical,Internet Retail,Japan,29334,2018-Q1
4755 JP,RAKUTEN GROUP INC,2018-02-01 00:00:00+09:00,2018,1,2,955.2785034179688,967.5946236233849,971.9932251982082,884.6076500477795,214044100,2165034529,2068210944711.347,2068.210944711347,,,,,,,,-128.29172,0.88536686,2.6232283,,,,-11.807341490494904,Consumer Cyclical,Internet Retail,Japan,29334,2018-Q1
4755 JP,RAKUTEN GROUP INC,2018-03-01 00:00:00+09:00,2018,1,3,878.840576171875,948.5340226124181,950.0979459846659,843.3585351828132,194333200,2165034529,1902720192898.364,1902.720192898364,,,,,,,,-128.29172,0.88536686,2.6232283,,,,-19.009734519944388,Consumer Cyclical,Internet Retail,Japan,29334,2018-Q1
4755 JP,RAKUTEN GROUP INC,2018-04-01 00:00:00+09:00,2018,2,4,762.6196899414062,874.8328785163372,874.8328785163372,742.874846561359,258976900,2165034529,1651097961218.4185,1651.0979612184185,,,,,,,,-128.29172,0.88536686,2.6232283,,,,-31.32162585130933,Consumer Cyclical,Internet Retail,Japan,29334,2018-Q2
4755 JP,RAKUTEN GROUP INC,2018-05-01 00:00:00+09:00,2018,2,5,715.1148071289062,769.0709954835182,803.2823392297588,698.1069177481131,208145100,2165034529,1548248249633.2573,1548.2482496332573,,,,,,,,-128.29172,0.88536686,2.6232283,,,,-45.40808205812543,Consumer Cyclical,Internet Retail,Japan,29334,2018-Q2
4755 JP,RAKUTEN GROUP INC,2018-06-01 00:00:00+09:00,2018,2,6,732.5137939453125,712.866671441855,746.0028266185236,684.2269002628242,201471700,2165034529,1585917656860.3926,1585.9176568603925,,,,,,,,-128.29172,0.88536686,2.6232283,,,,-43.064650231683565,Consumer Cyclical,Internet Retail,Japan,29334,2018-Q2
4755 JP,RAKUTEN GROUP INC,2018-07-01 00:00:00+09:00,2018,3,7,769.1688232421875,728.6039418415047,799.5680237532159,691.4601950167832,235739700,2165034529,1665277060949.6338,1665.2770609496338,,,,,,,,-128.29172,0.88536686,2.6232283,,,,-41.36871961675188,Consumer Cyclical,Internet Retail,Japan,29334,2018-Q3
4755 JP,RAKUTEN GROUP INC,2018-08-01 00:00:00+09:00,2018,3,8,830.7492065429688,774.1538447838462,832.8018633280769,709.6410243851924,278424600,2165034529,1798600717104.8801,1798.6007171048802,,,,,,,,-128.29172,0.88536686,2.6232283,,,,-34.61311085673526,Consumer Cyclical,Internet Retail,Japan,29334,2018-Q3
4755 JP,RAKUTEN GROUP INC,2018-09-01 00:00:00+09:00,2018,3,9,851.1782836914062,845.4112639703477,867.5019951375137,777.0862942358574,164148000,2165034529,1842830374526.852,1842.830374526852,,,,,,,,-128.29172,0.88536686,2.6232283,,,,-28.719025266997523,Consumer Cyclical,Internet Retail,Japan,29334,2018-Q3
4755 JP,RAKUTEN GROUP INC,2018-10-01 00:00:00+09:00,2018,4,10,746.7847900390625,851.1782539921339,856.358817174309,716.9720464576601,187659900,2165034529,1616814856166.5854,1616.8148561665855,,,,,,,,-128.29172,0.88536686,2.6232283,,,,-36.53026002974467,Consumer Cyclical,Internet Retail,Japan,29334,2018-Q4
4755 JP,RAKUTEN GROUP INC,2018-11-01 00:00:00+09:00,2018,4,11,893.4048461914062,717.460784578219,945.2105976664002,691.069175336241,266463700,2165034529,1934252340380.3286,1934.2523403803286,,,,,,,,-128.29172,0.88536686,2.6232283,,,,-19.99941738439699,Consumer Cyclical,Internet Retail,Japan,29334,2018-Q4
4755 JP,RAKUTEN GROUP INC,2018-12-01 00:00:00+09:00,2018,4,12,719.4157104492188,903.1795060530952,911.9767090341319,694.9790355018947,137512200,2165034529,1557559853827.6248,1557.5598538276247,,,,,,,,-128.29172,0.88536686,2.6232283,,,,-28.4042159662227,Consumer Cyclical,Internet Retail,Japan,29334,2018-Q4
4755 JP,RAKUTEN GROUP INC,2019-01-01 00:00:00+09:00,2019,1,1,805.6015625,723.9594017094017,845.9308226495726,698.3847489316239,118547900,2165034529,1744155199428.8516,1744.1551994288516,,,,,,,,-128.29172,0.88536686,2.6232283,,,,-16.3955529371539,Consumer Cyclical,Internet Retail,Japan,29334,2019-Q1
4755 JP,RAKUTEN GROUP INC,2019-02-01 00:00:00+09:00,2019,1,2,861.6690063476562,798.7160195825307,874.4563317843224,775.1086495456086,135397500,2165034529,1865543151311.796,1865.543151311796,,,,,,,,-128.29172,0.88536686,2.6232283,,,,-9.799183875213302,Consumer Cyclical,Internet Retail,Japan,29334,2019-Q1
4755 JP,RAKUTEN GROUP INC,2019-03-01 00:00:00+09:00,2019,1,3,1030.855224609375,865.6036237177958,1052.49531520232,862.6527022733034,243666600,2165034529,2231837155679.3477,2231.8371556793477,,,,,,,,-128.29172,0.88536686,2.6232283,,,,17.29718137271925,Consumer Cyclical,Internet Retail,Japan,29334,2019-Q1
4755 JP,RAKUTEN GROUP INC,2019-04-01 00:00:00+09:00,2019,2,4,1214.7958984375,1045.6097490194838,1217.7468196482794,932.4911026062754,444397500,2165034529,2630075065804.7646,2630.0750658047646,,,,,,,,-128.29172,0.88536686,2.6232283,,,,59.29249066868907,Consumer Cyclical,Internet Retail,Japan,29334,2019-Q2
4755 JP,RAKUTEN GROUP INC,2019-05-01 00:00:00+09:00,2019,2,5,1116.4320068359375,1214.7960603016588,1226.5997467175455,1026.9207181821312,223570500,2165034529,2417113844080.569,2417.113844080569,,,,,,,,-128.29172,0.88536686,2.6232283,,,,56.11926864139034,Consumer Cyclical,Internet Retail,Japan,29334,2019-Q2
4755 JP,RAKUTEN GROUP INC,2019-06-01 00:00:00+09:00,2019,2,6,1259.059814453125,1092.8245733261108,1291.5199502944947,1079.05360660553,218848000,2165034529,2725907972367.3486,2725.9079723673485,,,,,,,,-128.29172,0.88536686,2.6232283,,,,71.88206213453545,Consumer Cyclical,Internet Retail,Japan,29334,2019-Q2
4755 JP,RAKUTEN GROUP INC,2019-07-01 00:00:00+09:00,2019,3,7,1097.7427978515625,1270.8635258281531,1274.798087827621,1096.7591573516956,176453900,2165034529,2376651061309.6997,2376.6510613097,,,,,,,,-128.29172,0.88536686,2.6232283,,,,42.71805677515312,Consumer Cyclical,Internet Retail,Japan,29334,2019-Q3
4755 JP,RAKUTEN GROUP INC,2019-08-01 00:00:00+09:00,2019,3,8,984.6241455078125,1057.4135428780203,1104.6282871181552,910.8511076326017,189263400,2165034529,2131745273111.5342,2131.745273111534,,,,,,,,-128.29172,0.88536686,2.6232283,,,,18.52242984440151,Consumer Cyclical,Internet Retail,Japan,29334,2019-Q3
4755 JP,RAKUTEN GROUP INC,2019-09-01 00:00:00+09:00,2019,3,9,1047.5771484375,988.5587175396128,1074.1354423415494,942.3276133362676,216086400,2165034529,2268040698158.546,2268.040698158546,,,,,,,,-128.29172,0.88536686,2.6232283,,,,23.07376357093456,Consumer Cyclical,Internet Retail,Japan,29334,2019-Q3
4755 JP,RAKUTEN GROUP INC,2019-10-01 00:00:00+09:00,2019,4,10,1021.0187377929688,1053.4788710754042,1081.0208023453492,972.8203580705646,147132200,2165034529,2210540822077.7744,2210.5408220777745,,,,,,,,-128.29172,0.88536686,2.6232283,,,,36.721951412476116,Consumer Cyclical,Internet Retail,Japan,29334,2019-Q4
4755 JP,RAKUTEN GROUP INC,2019-11-01 00:00:00+09:00,2019,4,11,933.4747924804688,1011.182388482531,1049.5443662557009,909.8674215431334,200256300,2165034529,2021005157671.3245,2021.0051576713245,,,,,,,,-128.29172,0.88536686,2.6232283,,,,4.485082710249566,Consumer Cyclical,Internet Retail,Japan,29334,2019-Q4
4755 JP,RAKUTEN GROUP INC,2019-12-01 00:00:00+09:00,2019,4,12,919.7037963867188,926.5892793543198,962.9839750402114,885.2763815487132,156283400,2165034529,1991190475629.6316,1991.1904756296317,,,,,,,,-128.29172,0.88536686,2.6232283,,,,27.840382553285604,Consumer Cyclical,Internet Retail,Japan,29334,2019-Q4
4755 JP,RAKUTEN GROUP INC,2020-01-01 00:00:00+09:00,2020,1,1,846.0464477539062,924.1278372078298,934.0115573918707,829.2441234410365,156594700,2165034529,1831719772525.0015,1831.7197725250014,,,,,,,,-128.29172,0.88536686,2.6232283,,,,5.020457647623577,Consumer Cyclical,Internet Retail,Japan,29334,2020-Q1
4755 JP,RAKUTEN GROUP INC,2020-02-01 00:00:00+09:00,2020,1,2,892.4998779296875,818.3719810916735,985.406841966665,818.3719810916735,214746300,2165034529,1932293052846.0586,1932.2930528460586,,,,,,,,-128.29172,0.88536686,2.6232283,,,,3.5780411451392213,Consumer Cyclical,Internet Retail,Japan,29334,2020-Q1
4755 JP,RAKUTEN GROUP INC,2020-03-01 00:00:00+09:00,2020,1,3,810.4650268554688,879.6510657333746,923.1394330280583,628.6045818049733,317496600,2165034529,1754684767689.0022,1754.6847676890022,,,,,,,,-128.29172,0.88536686,2.6232283,,,,-21.379354975614483,Consumer Cyclical,Internet Retail,Japan,29334,2020-Q1
4755 JP,RAKUTEN GROUP INC,2020-04-01 00:00:00+09:00,2020,2,4,905.3487548828125,796.6278345366233,938.9534029898165,743.2557463666758,163643200,2165034529,1960111315108.4463,1960.1113151084462,,,,,,,,-128.29172,0.88536686,2.6232283,,,,-25.473179811745005,Consumer Cyclical,Internet Retail,Japan,29334,2020-Q2
4755 JP,RAKUTEN GROUP INC,2020-05-01 00:00:00+09:00,2020,2,5,964.6510620117188,897.4417667076236,1027.9068693567494,889.5347907894948,191947300,2165034529,2088502857691.8914,2088.502857691891,,,,,,,,-128.29172,0.88536686,2.6232283,,,,-13.595180350873203,Consumer Cyclical,Internet Retail,Japan,29334,2020-Q2
4755 JP,RAKUTEN GROUP INC,2020-06-01 00:00:00+09:00,2020,2,6,936.9766235351562,979.4766180625948,1001.2208013091912,910.2905804597879,171863600,2165034529,2028586742819.4473,2028.5867428194472,,,,,,,,-128.29172,0.88536686,2.6232283,,,,-25.581246198209108,Consumer Cyclical,Internet Retail,Japan,29334,2020-Q2
4755 JP,RAKUTEN GROUP INC,2020-07-01 00:00:00+09:00,2020,3,7,953.7789916992188,944.8836435901069,1033.8371246812258,922.1510873112654,157202200,2165034529,2064964450063.613,2064.964450063613,,,,,,,,-128.29172,0.88536686,2.6232283,,,,-13.114529781848827,Consumer Cyclical,Internet Retail,Japan,29334,2020-Q3
4755 JP,RAKUTEN GROUP INC,2020-08-01 00:00:00+09:00,2020,3,8,922.1510620117188,963.6626853820212,1072.3836037328133,889.5347865064812,189587500,2165034529,1996488890209.3914,1996.4888902093915,,,,,,,,-128.29172,0.88536686,2.6232283,,,,-6.344866087340728,Consumer Cyclical,Internet Retail,Japan,29334,2020-Q3
4755 JP,RAKUTEN GROUP INC,2020-09-01 00:00:00+09:00,2020,3,9,1118.837158203125,924.127864770249,1208.7790145604433,917.2092604350706,242203000,2165034529,2422321079838.001,2422.321079838001,,,,,,,,-128.29172,0.88536686,2.6232283,,,,6.802363899585995,Consumer Cyclical,Internet Retail,Japan,29334,2020-Q3
4755 JP,RAKUTEN GROUP INC,2020-10-01 00:00:00+09:00,2020,4,10,1003.1975708007812,1118.8370937403788,1244.3603365893434,1000.2324548279711,172273600,2165034529,2171957380192.6135,2171.9573801926135,,,,,,,,-128.29172,0.88536686,2.6232283,,,,-1.745429964459777,Consumer Cyclical,Internet Retail,Japan,29334,2020-Q4
4755 JP,RAKUTEN GROUP INC,2020-11-01 00:00:00+09:00,2020,4,11,1155.4068603515625,993.3138534245683,1187.0347641421956,988.3719934572819,149110500,2165034529,2501495747704.614,2501.4957477046137,,,,,,,,-128.29172,0.88536686,2.6232283,,,,23.774832449558314,Consumer Cyclical,Internet Retail,Japan,29334,2020-Q4
4755 JP,RAKUTEN GROUP INC,2020-12-01 00:00:00+09:00,2020,4,12,982.4417724609375,1134.6510611520687,1148.4882692148988,951.8022403218137,186170100,2165034529,2127020360109.891,2127.020360109891,,,,,,,,-128.29172,0.88536686,2.6232283,,,,6.821541492021699,Consumer Cyclical,Internet Retail,Japan,29334,2020-Q4
4755 JP,RAKUTEN GROUP INC,2021-01-01 00:00:00+09:00,2021,1,1,1017.0347900390625,982.4417699697067,1071.3952501480503,945.8720058963876,164225900,2165034529,2201915437628.8354,2201.9154376288357,,,,,,,,-128.29172,0.88536686,2.6232283,,,,20.210278376452973,Consumer Cyclical,Internet Retail,Japan,29334,2021-Q1
4755 JP,RAKUTEN GROUP INC,2021-02-01 00:00:00+09:00,2021,1,2,1177.151123046875,1016.0464773234152,1207.7906568961218,989.3604317127807,155104700,2165034529,2548572827247.6123,2548.572827247612,,,,,,,,-128.29172,0.88536686,2.6232283,,,,31.893701294109622,Consumer Cyclical,Internet Retail,Japan,29334,2021-Q1
4755 JP,RAKUTEN GROUP INC,2021-03-01 00:00:00+09:00,2021,1,3,1303.6627197265625,1186.046447059799,1527.0348005894912,1092.1511033342315,504893400,2165034529,2822474802378.057,2822.474802378057,,,,,,,,-128.29172,0.88536686,2.6232283,,,,60.85366752772248,Consumer Cyclical,Internet Retail,Japan,29334,2021-Q1
4755 JP,RAKUTEN GROUP INC,2021-04-01 00:00:00+09:00,2021,2,4,1372.8487548828125,1306.6278286213667,1444.0115413130231,1233.48829812365,177286000,2165034529,2972264957415.9463,2972.2649574159464,,,,,,,,-128.29172,0.88536686,2.6232283,,,,51.63755928073406,Consumer Cyclical,Internet Retail,Japan,29334,2021-Q2
4755 JP,RAKUTEN GROUP INC,2021-05-01 00:00:00+09:00,2021,2,5,1240.4068603515625,1372.8487083890998,1374.82545238966,1211.7440723434388,155782800,2165034529,2685523682669.614,2685.5236826696137,,,,,,,,-128.29172,0.88536686,2.6232283,,,,28.586066941633014,Consumer Cyclical,Internet Retail,Japan,29334,2021-Q2
4755 JP,RAKUTEN GROUP INC,2021-06-01 00:00:00+09:00,2021,2,6,1239.41845703125,1251.2789207348983,1316.5114711049641,1222.6161334510816,103794300,2165034529,2683383755352.559,2683.383755352559,,,,,,,,-128.29172,0.88536686,2.6232283,,,,32.27848229073198,Consumer Cyclical,Internet Retail,Japan,29334,2021-Q2
4755 JP,RAKUTEN GROUP INC,2021-07-01 00:00:00+09:00,2021,3,7,1189.011474609375,1239.4184448546603,1336.2788974828554,1178.139382987843,132178500,2165034529,2574250897906.504,2574.2508979065037,,,,,,,,-128.29172,0.88536686,2.6232283,,,,24.663206566447272,Consumer Cyclical,Internet Retail,Japan,29334,2021-Q3
4755 JP,RAKUTEN GROUP INC,2021-08-01 00:00:00+09:00,2021,3,8,1138.6046142578125,1194.9418217341106,1355.0580956141155,1028.8953154881794,222937200,2165034529,2465118304746.8896,2465.11830474689,,,,,,,,-128.29172,0.88536686,2.6232283,,,,23.47267830217421,Consumer Cyclical,Internet Retail,Japan,29334,2021-Q3
4755 JP,RAKUTEN GROUP INC,2021-09-01 00:00:00+09:00,2021,3,9,1068.43017578125,1128.7208702517923,1146.511566980805,1061.511571497745,134146500,2165034529,2313188222391.946,2313.1882223919456,,,,,,,,-128.29172,0.88536686,2.6232283,,,,-4.505301066585021,Consumer Cyclical,Internet Retail,Japan,29334,2021-Q3
4755 JP,RAKUTEN GROUP INC,2021-10-01 00:00:00+09:00,2021,4,10,1235.4649658203125,1106.976609375,1250.2905454101563,1069.4184744140625,152909600,2165034529,2674824310370.7812,2674.8243103707814,,,,,,,,-128.29172,0.88536686,2.6232283,,,,23.152707081829217,Consumer Cyclical,Internet Retail,Japan,29334,2021-Q4
4755 JP,RAKUTEN GROUP INC,2021-11-01 00:00:00+09:00,2021,4,11,1147.4998779296875,1250.2905646692977,1266.1045164753916,1128.720810159951,124942900,2165034529,2484376857741.0586,2484.3768577410588,,,,,,,,-128.29172,0.88536686,2.6232283,,,,-0.684346154866089,Consumer Cyclical,Internet Retail,Japan,29334,2021-Q4
4755 JP,RAKUTEN GROUP INC,2021-12-01 00:00:00+09:00,2021,4,12,1140.581298828125,1146.5115308844238,1185.0580392503655,1078.3138622369881,105619500,2165034529,2469397895094.5576,2469.3978950945575,,,,,,,,-128.29172,0.88536686,2.6232283,,,,16.096580051870202,Consumer Cyclical,Internet Retail,Japan,29334,2021-Q4
4755 JP,RAKUTEN GROUP INC,2022-01-01 00:00:00+09:00,2022,1,1,983.324462890625,1145.0619880683967,1210.550801944059,947.6032916857183,157063800,2165034529,2128931415368.5823,2128.9314153685823,,,,,,,,-128.29172,0.88536686,2.6232283,,,,-3.3145697156675147,Consumer Cyclical,Internet Retail,Japan,29334,2022-Q1
4755 JP,RAKUTEN GROUP INC,2022-02-01 00:00:00+09:00,2022,1,2,966.4561157226562,968.4406252005261,1010.1153242357947,912.874359820168,134541800,2165034529,2092410861302.7705,2092.4108613027706,,,,,,,,-128.29172,0.88536686,2.6232283,,,,-17.898722024651104,Consumer Cyclical,Internet Retail,Japan,29334,2022-Q1
4755 JP,RAKUTEN GROUP INC,2022-03-01 00:00:00+09:00,2022,1,3,959.5103149414062,979.3554093559131,993.246975446068,863.261607031048,153183900,2165034529,2077372962779.809,2077.372962779809,,,,,,,,-128.29172,0.88536686,2.6232283,,,,-26.398883666577554,Consumer Cyclical,Internet Retail,Japan,29334,2022-Q1
4755 JP,RAKUTEN GROUP INC,2022-04-01 00:00:00+09:00,2022,2,4,910.8898315429688,942.6419825335734,1026.9836336023668,895.0137560476664,123095400,2165034529,1972107937405.5208,1972.1079374055207,,,,,,,,-128.29172,0.88536686,2.6232283,,,,-33.64965890793097,Consumer Cyclical,Internet Retail,Japan,29334,2022-Q2
4755 JP,RAKUTEN GROUP INC,2022-05-01 00:00:00+09:00,2022,2,5,718.3924560546875,914.8589012188147,918.8279203130395,701.5241249042322,275530100,2165034529,1555344472731.5137,1555.3444727315136,,,,,,,,-128.29172,0.88536686,2.6232283,,,,-42.08412747321656,Consumer Cyclical,Internet Retail,Japan,29334,2022-Q2
4755 JP,RAKUTEN GROUP INC,2022-06-01 00:00:00+09:00,2022,2,6,607.2598876953125,722.3614350362541,729.3072180654489,577.4922461416207,315163500,2165034529,1314738624937.0137,1314.7386249370136,,,,,,,,-128.29172,0.88536686,2.6232283,,,,-51.00445017174685,Consumer Cyclical,Internet Retail,Japan,29334,2022-Q2
4755 JP,RAKUTEN GROUP INC,2022-07-01 00:00:00+09:00,2022,3,7,649.9268798828125,605.2754148526956,654.8881537750477,595.3528670682252,290582500,2165034529,1407114136271.5244,1407.1141362715243,,,,,,,,-128.29172,0.88536686,2.6232283,,,,-45.338889172929775,Consumer Cyclical,Internet Retail,Japan,29334,2022-Q3
4755 JP,RAKUTEN GROUP INC,2022-08-01 00:00:00+09:00,2022,3,8,670.7642211914062,649.9268711248093,726.3304880356648,641.988833004201,245355900,2165034529,1452227699697.188,1452.227699697188,,,,,,,,-128.29172,0.88536686,2.6232283,,,,-41.088924742445656,Consumer Cyclical,Internet Retail,Japan,29334,2022-Q3
4755 JP,RAKUTEN GROUP INC,2022-09-01 00:00:00+09:00,2022,3,9,616.190185546875,662.8261577219203,676.717723901721,597.3373457314311,193835700,2165034529,1334073028139.9011,1334.0730281399012,,,,,,,,-128.29172,0.88536686,2.6232283,,,,-42.32751942855707,Consumer Cyclical,Internet Retail,Japan,29334,2022-Q3
4755 JP,RAKUTEN GROUP INC,2022-10-01 00:00:00+09:00,2022,4,10,660.8416748046875,609.2444269220392,711.4466679203617,598.3296244853252,211492900,2165034529,1430745044154.338,1430.7450441543378,,,,,,,,-128.29172,0.88536686,2.6232283,,,,-46.51069086642144,Consumer Cyclical,Internet Retail,Japan,29334,2022-Q4
4755 JP,RAKUTEN GROUP INC,2022-11-01 00:00:00+09:00,2022,4,11,647.9423217773438,660.8416329306447,716.4078963602484,637.027520032243,250096900,2165034529,1402817499448.378,1402.817499448378,,,,,,,,-128.29172,0.88536686,2.6232283,,,,-43.534432182567414,Consumer Cyclical,Internet Retail,Japan,29334,2022-Q4
4755 JP,RAKUTEN GROUP INC,2022-12-01 00:00:00+09:00,2022,4,12,591.3838500976562,663.8184491867987,666.7952135329278,571.5387544567953,243605500,2165034529,1280366455354.3857,1280.3664553543858,,,,,,,,-128.29172,0.88536686,2.6232283,,,,-48.15066223641702,Consumer Cyclical,Internet Retail,Japan,29334,2022-Q4
4755 JP,RAKUTEN GROUP INC,2023-01-01 00:00:00+09:00,2023,1,1,657.0,596.0,678.0,584.0,167217800,2165034529,1422427685553.0,1422.427685553,,,,,,,,-128.29172,0.88536686,2.6232283,,,,-33.18583796149511,Consumer Cyclical,Internet Retail,Japan,29334,2023-Q1
4755 JP,RAKUTEN GROUP INC,2023-02-01 00:00:00+09:00,2023,1,2,672.0,664.0,724.0,637.0,229807300,2165034529,1454903203488.0,1454.903203488,,,,,,,,-128.29172,0.88536686,2.6232283,,,,-30.46761367974583,Consumer Cyclical,Internet Retail,Japan,29334,2023-Q1
4755 JP,RAKUTEN GROUP INC,2023-03-01 00:00:00+09:00,2023,1,3,614.0,675.0,686.0,608.0,200389800,2165034529,1329331200806.0,1329.331200806,,,,,,,,-128.29172,0.88536686,2.6232283,,,,-36.00902559994942,Consumer Cyclical,Internet Retail,Japan,29334,2023-Q1
4755 JP,RAKUTEN GROUP INC,2023-04-01 00:00:00+09:00,2023,2,4,675.0,623.0,695.0,608.0,207901700,2165034529,1461398307075.0,1461.398307075,,,,,,,,-128.29172,0.88536686,2.6232283,,,,-25.89663682416915,Consumer Cyclical,Internet Retail,Japan,29334,2023-Q2
4755 JP,RAKUTEN GROUP INC,2023-05-01 00:00:00+09:00,2023,2,5,576.0,680.0,749.0,568.0,800392500,2165034529,1247059888704.0,1247.059888704,,,,,,,,-128.29172,0.88536686,2.6232283,,,,-19.82098431777629,Consumer Cyclical,Internet Retail,Japan,29334,2023-Q2
4755 JP,RAKUTEN GROUP INC,2023-06-01 00:00:00+09:00,2023,2,6,499.0,577.0,591.0,466.0,946501300,2165034529,1080352229971.0,1080.352229971,,,,,,,,-128.29172,0.88536686,2.6232283,,,,-17.827603945023107,Consumer Cyclical,Internet Retail,Japan,29334,2023-Q2
4755 JP,RAKUTEN GROUP INC,2023-07-01 00:00:00+09:00,2023,3,7,555.0999755859375,503.0,566.5999755859375,496.0,754864600,2165034529,1201810614190.6118,1201.810614190612,,,,,,,,-128.29172,0.88536686,2.6232283,,,,-14.590395817137614,Consumer Cyclical,Internet Retail,Japan,29334,2023-Q3
4755 JP,RAKUTEN GROUP INC,2023-08-01 00:00:00+09:00,2023,3,8,568.2999877929688,554.0,599.2999877929688,527.0999755859375,545576300,2165034529,1230389096402.056,1230.3890964020559,,,,,,,,-128.29172,0.88536686,2.6232283,,,,-15.275745211401004,Consumer Cyclical,Internet Retail,Japan,29334,2023-Q3
4755 JP,RAKUTEN GROUP INC,2023-09-01 00:00:00+09:00,2023,3,9,613.0999755859375,570.2000122070312,634.2999877929688,567.0999755859375,417394700,2165034529,1327382616872.6118,1327.3826168726118,,,,,,,,-128.29172,0.88536686,2.6232283,,,,-0.501502625880812,Consumer Cyclical,Internet Retail,Japan,29334,2023-Q3
4755 JP,RAKUTEN GROUP INC,2023-10-01 00:00:00+09:00,2023,4,10,556.7999877929688,617.5,621.7000122070312,543.0,373861300,2165034529,1205491199318.556,1205.4911993185558,,,,,,,,-128.29172,0.88536686,2.6232283,,,,-15.74381443822659,Consumer Cyclical,Internet Retail,Japan,29334,2023-Q4
4755 JP,RAKUTEN GROUP INC,2023-11-01 00:00:00+09:00,2023,4,11,585.7000122070312,561.0,609.0,531.0,360589500,2165034529,1268060750063.944,1268.0607500639442,,,,,,,,-128.29172,0.88536686,2.6232283,,,,-9.606149726348834,Consumer Cyclical,Internet Retail,Japan,29334,2023-Q4
4755 JP,RAKUTEN GROUP INC,2023-12-01 00:00:00+09:00,2023,4,12,628.0,580.0,628.0,557.4000244140625,352838100,2165034529,1359641684212.0,1359.641684212,,,,,,,,-128.29172,0.88536686,2.6232283,,,,6.191604639913195,Consumer Cyclical,Internet Retail,Japan,29334,2023-Q4
4755 JP,RAKUTEN GROUP INC,2024-01-01 00:00:00+09:00,2024,1,1,650.5,628.0,691.4000244140625,612.7999877929688,406090300,2165034529,1408354961114.5,1408.3549611145,513624000000.0,513624.0,-42394000000.0,-33272000000.0,93944000000.0,0.6854990037043148,,-128.29172,0.88536686,2.6232283,,,,-0.9893455098934578,Consumer Cyclical,Internet Retail,Japan,29334,2024-Q1
4755 JP,RAKUTEN GROUP INC,2024-02-01 00:00:00+09:00,2024,1,2,820.0,641.5999755859375,820.0,612.0999755859375,719036800,2165034529,1775328313780.0,1775.32831378,513624000000.0,513624.0,-42394000000.0,-33272000000.0,93944000000.0,0.8641186518640095,,-128.29172,0.88536686,2.6232283,,0.0,,22.023809523809533,Consumer Cyclical,Internet Retail,Japan,29334,2024-Q1
4755 JP,RAKUTEN GROUP INC,2024-03-01 00:00:00+09:00,2024,1,3,851.2000122070312,818.5999755859375,888.7999877929688,768.5,583403900,2165034529,1842877417513.444,1842.877417513444,513624000000.0,513624.0,-42394000000.0,-33272000000.0,93944000000.0,0.89699732562801,,-128.29172,0.88536686,2.6232283,,0.0,,38.63192381222007,Consumer Cyclical,Internet Retail,Japan,29334,2024-Q1
4755 JP,RAKUTEN GROUP INC,2024-04-01 00:00:00+09:00,2024,2,4,763.5,880.2000122070312,920.5,730.5,575094700,2165034529,1653003862891.5,1653.0038628915,537284000000.0,537284.0,-33568000000.0,-18331000000.0,119403000000.0,0.7691480962077318,,-128.29172,0.88536686,2.6232283,,4.606482563120107,,13.111111111111118,Consumer Cyclical,Internet Retail,Japan,29334,2024-Q2
4755 JP,RAKUTEN GROUP INC,2024-05-01 00:00:00+09:00,2024,2,5,816.0,753.0,829.2999877929688,748.2000122070312,440245200,2165034529,1766668175664.0,1766.668175664,537284000000.0,537284.0,-33568000000.0,-18331000000.0,119403000000.0,0.8220364721748646,,-128.29172,0.88536686,2.6232283,,0.0,4.606482563120107,41.66666666666667,Consumer Cyclical,Internet Retail,Japan,29334,2024-Q2
4755 JP,RAKUTEN GROUP INC,2024-06-01 00:00:00+09:00,2024,2,6,829.9000244140625,816.0999755859375,867.5999755859375,773.7999877929688,411692600,2165034529,1796762208474.3882,1796.7622084743882,537284000000.0,537284.0,-33568000000.0,-18331000000.0,119403000000.0,0.8360393239303554,,-128.29172,0.88536686,2.6232283,,0.0,4.606482563120107,66.31263014309869,Consumer Cyclical,Internet Retail,Japan,29334,2024-Q2
4755 JP,RAKUTEN GROUP INC,2024-07-01 00:00:00+09:00,2024,3,7,882.4000244140625,834.7999877929688,924.7999877929688,831.7000122070312,637265600,2165034529,1910426521246.8882,1910.4265212468881,,,,,,,,-128.29172,0.88536686,2.6232283,,0.0,4.606482563120107,58.96236051580479,Consumer Cyclical,Internet Retail,Japan,29334,2024-Q3
4755 JP,RAKUTEN GROUP INC,2024-08-01 00:00:00+09:00,2024,3,8,1033.5,875.0,1042.0,649.5999755859375,788888800,2165034529,2237563185721.5,2237.5631857215,,,,,,,,-128.29172,0.88536686,2.6232283,,0.0,0.0,81.85817740620878,Consumer Cyclical,Internet Retail,Japan,29334,2024-Q3
4755 JP,RAKUTEN GROUP INC,2024-09-01 00:00:00+09:00,2024,3,9,925.5999755859375,1047.0,1069.5,903.2000122070312,613614400,2165034529,2003955907185.1118,2003.9559071851118,,,,,,,,-128.29172,0.88536686,2.6232283,,0.0,0.0,50.97047992888024,Consumer Cyclical,Internet Retail,Japan,29334,2024-Q3
4755 JP,RAKUTEN GROUP INC,2024-10-01 00:00:00+09:00,2024,4,10,922.7000122070312,931.7999877929688,1000.0,868.5,473078900,2165034529,1997677386336.944,1997.677386336944,,,,,,,,-128.29172,0.88536686,2.6232283,,0.0,0.0,65.71480467598585,Consumer Cyclical,Internet Retail,Japan,29334,2024-Q4
4755 JP,RAKUTEN GROUP INC,2024-11-01 00:00:00+09:00,2024,4,11,858.4000244140625,901.0,985.0,846.2999877929688,427290700,2165034529,1858465692550.8882,1858.4656925508882,,,,,,,,-128.29172,0.88536686,2.6232283,,0.0,0.0,46.55967330091811,Consumer Cyclical,Internet Retail,Japan,29334,2024-Q4
4755 JP,RAKUTEN GROUP INC,2024-12-01 00:00:00+09:00,2024,4,12,858.9000244140625,853.0,1005.0,819.4000244140625,599890700,2165034529,1859548209815.3882,1859.5482098153882,,,,,,,,-128.29172,0.88536686,2.6232283,,0.0,0.0,36.76751981115645,Consumer Cyclical,Internet Retail,Japan,29334,2024-Q4
4755 JP,RAKUTEN GROUP INC,2025-01-01 00:00:00+09:00,2025,1,1,982.5999755859375,858.9000244140625,1009.0,858.0999755859375,437584500,2165034529,2127362875338.1118,2127.3628753381117,,,,,,,,-128.29172,0.88536686,2.6232283,,0.0,0.0,51.05303237293428,Consumer Cyclical,Internet Retail,Japan,29334,2025-Q1
4755 JP,RAKUTEN GROUP INC,2025-02-01 00:00:00+09:00,2025,1,2,920.7000122070312,961.0,1044.5,913.0999755859375,480389200,2165034529,1993347317278.944,1993.347317278944,,,,,,,,-128.29172,0.88536686,2.6232283,,0.0,0.0,12.280489293540398,Consumer Cyclical,Internet Retail,Japan,29334,2025-Q1
4755 JP,RAKUTEN GROUP INC,2025-03-01 00:00:00+09:00,2025,1,3,851.2999877929688,930.0,946.4000244140625,847.7000122070312,332276400,2165034529,1843093868109.056,1843.0938681090558,,,,,,,,-128.29172,0.88536686,2.6232283,,0.0,0.0,0.01174525193887721,Consumer Cyclical,Internet Retail,Japan,29334,2025-Q1
4755 JP,RAKUTEN GROUP INC,2025-04-01 00:00:00+09:00,2025,2,4,839.5,860.0,862.7999877929688,695.0,416220900,2165034529,1817546487095.5,1817.5464870955,,,,,,,,-128.29172,0.88536686,2.6232283,,0.0,0.0,9.954158480681063,Consumer Cyclical,Internet Retail,Japan,29334,2025-Q2
4755 JP,RAKUTEN GROUP INC,2025-05-01 00:00:00+09:00,2025,2,5,798.5999755859375,845.0,901.0,780.0,405729600,2165034529,1728996522002.1118,1728.9965220021118,,,,,,,,-128.29172,0.88536686,2.6232283,,0.0,0.0,-2.1323559330958863,Consumer Cyclical,Internet Retail,Japan,29334,2025-Q2
4755 JP,RAKUTEN GROUP INC,2025-06-01 00:00:00+09:00,2025,2,6,796.4000244140625,796.0,836.0,772.5,280084000,2165034529,1724233551752.8882,1724.2335517528882,,,,,,,,-128.29172,0.88536686,2.6232283,,0.0,0.0,-4.036630800637964,Consumer Cyclical,Internet Retail,Japan,29334,2025-Q2
4755 JP,RAKUTEN GROUP INC,2025-07-01 00:00:00+09:00,2025,3,7,772.0,792.0,826.5999755859375,760.0,332200100,2165034529,1671406656388.0,1671.406656388,,,,,,,,-128.29172,0.88536686,2.6232283,,0.0,0.0,-12.511335149539581,Consumer Cyclical,Internet Retail,Japan,29334,2025-Q3
4755 JP,RAKUTEN GROUP INC,2025-08-01 00:00:00+09:00,2025,3,8,916.9000244140625,772.5,935.2000122070312,753.2999877929688,468305100,2165034529,1985120212497.3882,1985.1202124973881,,,,,,,,-128.29172,0.88536686,2.6232283,,0.0,0.0,-11.282048919781085,Consumer Cyclical,Internet Retail,Japan,29334,2025-Q3
4755 JP,RAKUTEN GROUP INC,2025-09-01 00:00:00+09:00,2025,3,9,959.9000244140625,902.7999877929688,1012.0,861.0,344953600,2165034529,2078216697244.3882,2078.2166972443883,,,,,,,,-128.29172,0.88536686,2.6232283,,0.0,0.0,3.705709780989541,Consumer Cyclical,Internet Retail,Japan,29334,2025-Q3
4755 JP,RAKUTEN GROUP INC,2025-10-01 00:00:00+09:00,2025,4,10,976.2999877929688,940.5,989.5999755859375,917.0,92189800,2165034529,2113723184234.056,2113.723184234056,,,,,,,,-128.29172,0.88536686,2.6232283,,0.0,0.0,5.809035968009835,Consumer Cyclical,Internet Retail,Japan,29334,2025-Q4
