ticker,company_name,date,year,quarter,month,close_price,open_price,high_price,low_price,volume,shares_outstanding,market_cap,market_cap_billions,revenue,revenue_millions,gross_profit,net_income,operating_income,ebitda,ps_ratio,current_pe,forward_pe,current_ps,current_pb,peg_ratio,revenue_qoq_pct,revenue_yoy_pct,market_cap_yoy_pct,sector,industry,country,employees,year_quarter
AAPL,APPLE INC,2015-01-01 00:00:00-05:00,2015,1,1,25.998577117919922,24.718175134654892,26.62879102622777,23.218086099467104,5221053600,14840390000,385829023875.0076,385.82902387500764,,,,,,,,39.821213,31.626955,9.545063,59.313923,,,,,Technology,Consumer Electronics,United States,150000,2015-Q1
AAPL,APPLE INC,2015-02-01 00:00:00-05:00,2015,1,2,28.506118774414062,26.196070624602303,29.64671838085887,25.75891442151889,4546140800,14840390000,423041919998.6267,423.0419199986267,,,,,,,,39.821213,31.626955,9.545063,59.313923,,,,,Technology,Consumer Electronics,United States,150000,2015-Q1
AAPL,APPLE INC,2015-03-01 00:00:00-05:00,2015,1,3,27.72081184387207,28.79462285648994,29.024088437863238,27.097020494762692,4554568400,14840390000,411387658879.68066,411.38765887968066,,,,,,,,39.821213,31.626955,9.545063,59.313923,,,,,Technology,Consumer Electronics,United States,150000,2015-Q1
AAPL,APPLE INC,2015-04-01 00:00:00-04:00,2015,2,4,27.88121223449707,27.807693648981864,29.973136724755115,27.424507724145087,3984542000,14840390000,413768063232.708,413.768063232708,,,,,,,,39.821213,31.626955,9.545063,59.313923,,,,,Technology,Consumer Electronics,United States,150000,2015-Q2
AAPL,APPLE INC,2015-05-01 00:00:00-04:00,2015,2,5,29.024084091186523,28.092853806450854,29.623369152565253,27.482430647463566,3816608400,14840390000,430728727306.00354,430.7287273060035,,,,,,,,39.821213,31.626955,9.545063,59.313923,,,,,Technology,Consumer Electronics,United States,150000,2015-Q2
AAPL,APPLE INC,2015-06-01 00:00:00-04:00,2015,2,6,28.06031036376953,29.145317635686368,29.393639102278545,27.8477837820311,3514426800,14840390000,416425949319.3817,416.4259493193817,,,,,,,,39.821213,31.626955,9.545063,59.313923,,,,,Technology,Consumer Electronics,United States,150000,2015-Q2
AAPL,APPLE INC,2015-07-01 00:00:00-04:00,2015,3,7,27.136381149291992,28.389173310924186,29.74711083071594,26.671057809978958,4233122400,14840390000,402714479444.14136,402.7144794441414,,,,,,,,39.821213,31.626955,9.545063,59.313923,,,,,Technology,Consumer Electronics,United States,150000,2015-Q3
AAPL,APPLE INC,2015-08-01 00:00:00-04:00,2015,3,8,25.22587013244629,27.18112063699083,27.420493400666224,20.581589288914866,6427276400,14840390000,374361750854.8546,374.3617508548546,,,,,,,,39.821213,31.626955,9.545063,59.313923,,,,,Technology,Consumer Electronics,United States,150000,2015-Q3
AAPL,APPLE INC,2015-09-01 00:00:00-04:00,2015,3,9,24.787227630615234,24.753518456870648,26.26816810924392,24.126533997492622,4826189200,14840390000,367852125057.106,367.85212505710604,,,,,,,,39.821213,31.626955,9.545063,59.313923,,,,,Technology,Consumer Electronics,United States,150000,2015-Q3
AAPL,APPLE INC,2015-10-01 00:00:00-04:00,2015,4,10,26.85470199584961,24.510814548049474,27.241230198481244,24.1152971180869,4450048400,14840390000,398534250952.1866,398.5342509521866,,,,,,,,39.821213,31.626955,9.545063,59.313923,,,,,Technology,Consumer Electronics,United States,150000,2015-Q4
AAPL,APPLE INC,2015-11-01 00:00:00-04:00,2015,4,11,26.58503532409668,27.146849242910896,27.82551970244966,24.944537995351165,3002562400,14840390000,394532292373.3711,394.5322923733711,,,,,,,,39.821213,31.626955,9.545063,59.313923,,,,,Technology,Consumer Electronics,United States,150000,2015-Q4
AAPL,APPLE INC,2015-12-01 00:00:00-05:00,2015,4,12,23.75587272644043,26.800397387544894,27.050910713505644,23.65656965038841,3687660800,14840390000,352546416050.73926,352.54641605073925,,,,,,,,39.821213,31.626955,9.545063,59.313923,,,,,Technology,Consumer Electronics,United States,150000,2015-Q4
AAPL,APPLE INC,2016-01-01 00:00:00-05:00,2016,1,1,21.968421936035156,23.157796107164682,23.889023175389205,20.851269422862714,5087392000,14840390000,326019949215.3168,326.0199492153168,,,,,,,,39.821213,31.626955,9.545063,59.313923,,,,-15.50144518911737,Technology,Consumer Electronics,United States,150000,2016-Q1
AAPL,APPLE INC,2016-02-01 00:00:00-05:00,2016,1,2,21.82172393798828,21.77207241473888,22.31823572676448,20.896403852396155,3243450400,14840390000,323842893712.0819,323.8428937120819,,,,,,,,39.821213,31.626955,9.545063,59.313923,,,,-23.448982617814053,Technology,Consumer Electronics,United States,150000,2016-Q1
AAPL,APPLE INC,2016-03-01 00:00:00-05:00,2016,1,3,24.73114585876465,22.157963833192213,25.055630185937357,22.105773295713348,2984198400,14840390000,367019849690.9523,367.0198496909523,,,,,,,,39.821213,31.626955,9.545063,59.313923,,,,-10.784914965498448,Technology,Consumer Electronics,United States,150000,2016-Q1
AAPL,APPLE INC,2016-04-01 00:00:00-04:00,2016,2,4,21.270742416381836,24.683501032839786,25.50265395427854,20.99164146812114,3489534800,14840390000,315666113048.6488,315.6661130486488,,,,,,,,39.821213,31.626955,9.545063,59.313923,,,,-23.709406042023485,Technology,Consumer Electronics,United States,150000,2016-Q2
AAPL,APPLE INC,2016-05-01 00:00:00-04:00,2016,2,5,22.659448623657227,21.322936128690586,22.85686282772416,20.301831400238505,3602686000,14840390000,336275054760.0365,336.2750547600365,,,,,,,,39.821213,31.626955,9.545063,59.313923,,,,-21.92880728822717,Technology,Consumer Electronics,United States,150000,2016-Q2
AAPL,APPLE INC,2016-06-01 00:00:00-04:00,2016,2,6,21.82487678527832,22.605640800283137,23.26084432870703,20.888872988774654,3117990800,14840390000,323889683195.47656,323.88968319547655,,,,,,,,39.821213,31.626955,9.545063,59.313923,,,,-22.221541735126983,Technology,Consumer Electronics,United States,150000,2016-Q2
AAPL,APPLE INC,2016-07-01 00:00:00-04:00,2016,3,7,23.79048728942871,21.799765861278814,23.86810805646754,21.54407802101626,2743118400,14840390000,353060109665.1649,353.06010966516493,,,,,,,,39.821213,31.626955,9.545063,59.313923,,,,-12.329919164444592,Technology,Consumer Electronics,United States,150000,2016-Q3
AAPL,APPLE INC,2016-08-01 00:00:00-04:00,2016,3,8,24.221960067749023,23.836144917513792,25.164814118548023,23.742543668936335,2520514000,14840390000,359463333969.8219,359.4633339698219,,,,,,,,39.821213,31.626955,9.545063,59.313923,,,,-3.9796845834309202,Technology,Consumer Electronics,United States,150000,2016-Q3
AAPL,APPLE INC,2016-09-01 00:00:00-04:00,2016,3,9,25.948413848876953,24.36235785700247,26.666843410000922,23.533752927295264,3872062400,14840390000,385084581398.73505,385.08458139873505,,,,,,,,39.821213,31.626955,9.545063,59.313923,,,,4.6846151395628866,Technology,Consumer Electronics,United States,150000,2016-Q3
AAPL,APPLE INC,2016-10-01 00:00:00-04:00,2016,4,10,26.060888290405273,25.8703775908674,27.242970493850034,25.77167942433873,2747657200,14840390000,386753745976.0475,386.75374597604747,,,,,,,,39.821213,31.626955,9.545063,59.313923,,,,-2.9559579755047083,Technology,Consumer Electronics,United States,150000,2016-Q4
AAPL,APPLE INC,2016-11-01 00:00:00-04:00,2016,4,11,25.36769676208496,26.04251663793285,26.113670495173636,23.889522309473243,2886220000,14840390000,376466513351.078,376.466513351078,,,,,,,,39.821213,31.626955,9.545063,59.313923,,,,-4.57903684223554,Technology,Consumer Electronics,United States,150000,2016-Q4
AAPL,APPLE INC,2016-12-01 00:00:00-05:00,2016,4,12,26.720703125,25.463340399478913,27.228261970491108,24.974236927152326,2435086800,14840390000,396545655449.21875,396.54565544921877,,,,,,,,39.821213,31.626955,9.545063,59.313923,,,,12.480410350320238,Technology,Consumer Electronics,United States,150000,2016-Q4
AAPL,APPLE INC,2017-01-01 00:00:00-05:00,2017,1,1,27.996519088745117,26.716086004786096,28.2479926549637,26.476148585338304,2252488000,14840390000,415479261919.4221,415.47926191942213,,,,,,,,39.821213,31.626955,9.545063,59.313923,,,,27.43982781404055,Technology,Consumer Electronics,United States,150000,2017-Q1
AAPL,APPLE INC,2017-02-01 00:00:00-05:00,2017,1,2,31.60480499267578,29.306943416684955,31.717850070307453,29.302330014398077,2299874400,14840390000,469027631965.25574,469.02763196525575,,,,,,,,39.821213,31.626955,9.545063,59.313923,,,,44.831843178332264,Technology,Consumer Electronics,United States,150000,2017-Q1
AAPL,APPLE INC,2017-03-01 00:00:00-05:00,2017,1,3,33.28733444213867,31.950371772962335,33.481969262664656,31.75573695243635,2246513600,14840390000,493997025181.7703,493.9970251817703,,,,,,,,39.821213,31.626955,9.545063,59.313923,,,,34.59681420439213,Technology,Consumer Electronics,United States,150000,2017-Q1
AAPL,APPLE INC,2017-04-01 00:00:00-04:00,2017,2,4,33.285011291503906,33.29891680761316,33.70440773859159,32.45317645878365,1493216400,14840390000,493962548720.32166,493.96254872032165,,,,,,,,39.821213,31.626955,9.545063,59.313923,,,,56.48260244019121,Technology,Consumer Electronics,United States,150000,2017-Q2
AAPL,APPLE INC,2017-05-01 00:00:00-04:00,2017,2,5,35.39588928222656,33.6209998401159,36.2972377547009,33.42868081699142,2615927200,14840390000,525288801345.06226,525.2888013450622,,,,,,,,39.821213,31.626955,9.545063,59.313923,,,,56.20807844932316,Technology,Consumer Electronics,United States,150000,2017-Q2
AAPL,APPLE INC,2017-06-01 00:00:00-04:00,2017,2,6,33.50849151611328,35.637379752172464,36.291169340834784,33.085038536154514,2736712400,14840390000,497279082410.8124,497.27908241081235,,,,,,,,39.821213,31.626955,9.545063,59.313923,,,,53.53347396085179,Technology,Consumer Electronics,United States,150000,2017-Q2
AAPL,APPLE INC,2017-07-01 00:00:00-04:00,2017,3,7,34.604339599609375,33.70857953456934,35.82816242927175,33.13389545262235,1688047600,14840390000,513541895350.647,513.541895350647,,,,,,,,39.821213,31.626955,9.545063,59.313923,,,,45.454522131565575,Technology,Consumer Electronics,United States,150000,2017-Q3
AAPL,APPLE INC,2017-08-01 00:00:00-04:00,2017,3,8,38.15714645385742,34.69043151928586,38.278133522033784,34.529891737515996,2644276000,14840390000,566266934662.3611,566.2669346623611,,,,,,,,39.821213,31.626955,9.545063,59.313923,,,,57.53120865170105,Technology,Consumer Electronics,United States,150000,2017-Q3
AAPL,APPLE INC,2017-09-01 00:00:00-04:00,2017,3,9,35.99922561645508,38.49385335719558,38.52655430304163,34.84067476579304,2721496400,14840390000,534242547846.1838,534.2425478461838,,,,,,,,39.821213,31.626955,9.545063,59.313923,,,,38.73381943926844,Technology,Consumer Electronics,United States,150000,2017-Q3
AAPL,APPLE INC,2017-10-01 00:00:00-04:00,2017,4,10,39.48422622680664,36.03192595106144,39.62670968074788,35.6114862442119,2017165200,14840390000,585961316054.0391,585.9613160540391,,,,,,,,39.821213,31.626955,9.545063,59.313923,,,,51.507599383492185,Technology,Consumer Electronics,United States,150000,2017-Q4
AAPL,APPLE INC,2017-11-01 00:00:00-04:00,2017,4,11,40.14057922363281,39.6780899304262,41.165991571804255,38.605962464068696,2402653600,14840390000,595701850504.6082,595.7018505046082,,,,,,,,39.821213,31.626955,9.545063,59.313923,,,,58.23501676205656,Technology,Consumer Electronics,United States,150000,2017-Q4
AAPL,APPLE INC,2017-12-01 00:00:00-05:00,2017,4,12,39.67070770263672,39.83948958937766,41.539026539713426,39.02136995356645,2124735200,14840390000,588728773883.1329,588.7287738831329,,,,,,,,39.821213,31.626955,9.545063,59.313923,,,,48.464310677216574,Technology,Consumer Electronics,United States,150000,2017-Q4
AAPL,APPLE INC,2018-01-01 00:00:00-05:00,2018,1,1,39.248748779296875,39.88871485499636,42.21883894120964,38.608786280545395,2638717600,14840390000,582466738896.7896,582.4667388967896,,,,,,,,39.821213,31.626955,9.545063,59.313923,,,,40.191531150296726,Technology,Consumer Electronics,United States,150000,2018-Q1
AAPL,APPLE INC,2018-02-01 00:00:00-05:00,2018,1,2,41.754676818847656,39.18779159385978,42.34072383719864,35.219082902521556,3711577200,14840390000,619655688315.6586,619.6556883156586,,,,,,,,39.821213,31.626955,9.545063,59.313923,,,,32.11496425472027,Technology,Consumer Electronics,United States,150000,2018-Q1
AAPL,APPLE INC,2018-03-01 00:00:00-05:00,2018,1,3,39.49114990234375,42.023779292673005,43.19123888308355,38.822686903668455,2854910800,14840390000,586064066099.2432,586.0640660992432,,,,,,,,39.821213,31.626955,9.545063,59.313923,,,,18.637165048432426,Technology,Consumer Electronics,United States,150000,2018-Q1
AAPL,APPLE INC,2018-04-01 00:00:00-04:00,2018,2,4,38.898014068603516,39.22283224076049,42.117941206356825,37.80823186166231,2664617200,14840390000,577261699003.563,577.261699003563,,,,,,,,39.821213,31.626955,9.545063,59.313923,,,,16.86345462809666,Technology,Consumer Electronics,United States,150000,2018-Q2
AAPL,APPLE INC,2018-05-01 00:00:00-04:00,2018,2,5,43.984466552734375,39.16870247428632,44.80827795615433,38.90037547511941,2483905200,14840390000,652746637584.5337,652.7466375845337,,,,,,,,39.821213,31.626955,9.545063,59.313923,,,,24.264335335743127,Technology,Consumer Electronics,United States,150000,2018-Q2
AAPL,APPLE INC,2018-06-01 00:00:00-04:00,2018,2,6,43.73821258544922,44.41870669919912,45.88601762524555,42.70329505501815,2110498000,14840390000,649092132670.9747,649.0921326709747,,,,,,,,39.821213,31.626955,9.545063,59.313923,,,,30.528742436575374,Technology,Consumer Electronics,United States,150000,2018-Q2
AAPL,APPLE INC,2018-07-01 00:00:00-04:00,2018,3,7,44.96214294433594,43.43340026773075,46.30186633089762,43.33888521463805,1574765600,14840390000,667255736529.6936,667.2557365296936,,,,,,,,39.821213,31.626955,9.545063,59.313923,,,,29.932093675451867,Technology,Consumer Electronics,United States,150000,2018-Q3
AAPL,APPLE INC,2018-08-01 00:00:00-04:00,2018,3,8,53.78493118286133,47.05088687485943,54.07791887337961,46.62085143759006,2801275600,14840390000,798189354876.8235,798.1893548768235,,,,,,,,39.821213,31.626955,9.545063,59.313923,,,,40.95637693427165,Technology,Consumer Electronics,United States,150000,2018-Q3
AAPL,APPLE INC,2018-09-01 00:00:00-04:00,2018,3,9,53.525413513183594,54.158499154162584,54.45725757252709,51.04997524722751,2715888000,14840390000,794338011446.9147,794.3380114469147,,,,,,,,39.821213,31.626955,9.545063,59.313923,,,,48.68490251278455,Technology,Consumer Electronics,United States,150000,2018-Q3
AAPL,APPLE INC,2018-10-01 00:00:00-04:00,2018,4,10,51.89410400390625,54.04944172682551,55.35829521772487,48.866196081045395,3158994000,14840390000,770128742118.5303,770.1287421185302,,,,,,,,39.821213,31.626955,9.545063,59.313923,,,,31.429963210661292,Technology,Consumer Electronics,United States,150000,2018-Q4
AAPL,APPLE INC,2018-11-01 00:00:00-04:00,2018,4,11,42.3432731628418,51.9391534350906,52.72399008731815,40.37050835584214,3845305600,14840390000,628390687613.1057,628.3906876131057,,,,,,,,39.821213,31.626955,9.545063,59.313923,,,,5.487449313915582,Technology,Consumer Electronics,United States,150000,2018-Q4
AAPL,APPLE INC,2018-12-01 00:00:00-05:00,2018,4,12,37.53237533569336,43.89008473002374,44.004294056625454,34.87936206043849,3595690000,14840390000,556995087608.0703,556.9950876080703,,,,,,,,39.821213,31.626955,9.545063,59.313923,,,,-5.390204739909999,Technology,Consumer Electronics,United States,150000,2018-Q4
AAPL,APPLE INC,2019-01-01 00:00:00-05:00,2019,1,1,39.602439880371094,36.85425257704317,40.211561172854836,33.78722891446974,3312349600,14840390000,587715652776.2604,587.7156527762604,,,,,,,,39.821213,31.626955,9.545063,59.313923,,,,0.901152551545259,Technology,Consumer Electronics,United States,150000,2019-Q1
AAPL,APPLE INC,2019-02-01 00:00:00-05:00,2019,1,2,41.19900894165039,39.7261741378686,41.84620130990449,39.48109438585603,1890162400,14840390000,611409360307.5791,611.409360307579,,,,,,,,39.821213,31.626955,9.545063,59.313923,,,,-1.3307919484277675,Technology,Consumer Electronics,United States,150000,2019-Q1
AAPL,APPLE INC,2019-03-01 00:00:00-05:00,2019,1,3,45.39020919799805,41.64572640543196,47.23975104676206,40.503503988773645,2603925600,14840390000,673608406679.8782,673.6084066798782,,,,,,,,39.821213,31.626955,9.545063,59.313923,,,,14.937674163051383,Technology,Consumer Electronics,United States,150000,2019-Q1
AAPL,APPLE INC,2019-04-01 00:00:00-04:00,2019,2,4,47.951847076416016,45.79405007379424,49.81811414181745,45.01504594020101,2024470800,14840390000,711624111834.3735,711.6241118343735,,,,,,,,39.821213,31.626955,9.545063,59.313923,,,,23.27582326399611,Technology,Consumer Electronics,United States,150000,2019-Q2
AAPL,APPLE INC,2019-05-01 00:00:00-04:00,2019,2,5,41.834495544433594,50.15264615186365,51.450189962326796,41.815378413544316,2957826400,14840390000,620840229332.6569,620.8402293326568,,,,,,,,39.821213,31.626955,9.545063,59.313923,,,,-4.888023379169814,Technology,Consumer Electronics,United States,150000,2019-Q2
AAPL,APPLE INC,2019-06-01 00:00:00-04:00,2019,2,6,47.476837158203125,42.122741369670216,48.35239744465253,40.84418623968329,2060874800,14840390000,704574779394.2261,704.5747793942261,,,,,,,,39.821213,31.626955,9.545063,59.313923,,,,8.547730581010683,Technology,Consumer Electronics,United States,150000,2019-Q2
AAPL,APPLE INC,2019-07-01 00:00:00-04:00,2019,3,7,51.10380935668945,48.73620531652805,53.102001428275486,47.59438284430557,1895406800,14840390000,758400461338.9207,758.4004613389206,,,,,,,,39.821213,31.626955,9.545063,59.313923,,,,13.65963899887297,Technology,Consumer Electronics,United States,150000,2019-Q3
AAPL,APPLE INC,2019-08-01 00:00:00-04:00,2019,3,8,50.072330474853516,51.31010300421147,52.30080418229359,46.19588598625508,2724326400,14840390000,743092912455.7114,743.0929124557114,,,,,,,,39.821213,31.626955,9.545063,59.313923,,,,-6.902678178364652,Technology,Consumer Electronics,United States,150000,2019-Q3
AAPL,APPLE INC,2019-09-01 00:00:00-04:00,2019,3,9,53.92981719970703,49.70635222960684,54.51975284661691,49.17420759177281,2170268400,14840390000,800339519872.3602,800.3395198723603,,,,,,,,39.821213,31.626955,9.545063,59.313923,,,,0.7555358473294804,Technology,Consumer Electronics,United States,150000,2019-Q3
AAPL,APPLE INC,2019-10-01 00:00:00-04:00,2019,4,10,59.89901351928711,54.194692511656875,60.13739731784268,51.80123555005858,2433210800,14840390000,888924721241.4932,888.9247212414932,,,,,,,,39.821213,31.626955,9.545063,59.313923,,,,15.425470135833352,Technology,Consumer Electronics,United States,150000,2019-Q4
AAPL,APPLE INC,2019-11-01 00:00:00-04:00,2019,4,11,64.35121154785156,60.08681346157302,64.53180428372018,59.99531564050092,1793326000,14840390000,954997076342.6208,954.9970763426209,,,,,,,,39.821213,31.626955,9.545063,59.313923,,,,51.975052330916085,Technology,Consumer Electronics,United States,150000,2019-Q4
AAPL,APPLE INC,2019-12-01 00:00:00-05:00,2019,4,12,70.92037200927734,64.54925061039482,70.9976580264781,61.89743955749606,2388794800,14840390000,1052485979562.7594,1052.4859795627594,,,,,,,,39.821213,31.626955,9.545063,59.313923,,,,88.95785671692337,Technology,Consumer Electronics,United States,150000,2019-Q4
AAPL,APPLE INC,2020-01-01 00:00:00-05:00,2020,1,1,74.75077056884766,71.54588492984767,79.18012281992767,70.70300602103683,2934370400,14840390000,1109330588042.2212,1109.3305880422213,,,,,,,,39.821213,31.626955,9.545063,59.313923,,,,88.75294248195502,Technology,Consumer Electronics,United States,150000,2020-Q1
AAPL,APPLE INC,2020-02-01 00:00:00-05:00,2020,1,2,66.02006530761719,73.49248662477687,79.02797413003269,61.916757124429196,3019279200,14840390000,979763516990.509,979.7635169905091,,,,,,,,39.821213,31.626955,9.545063,59.313923,,,,60.24673166561003,Technology,Consumer Electronics,United States,150000,2020-Q1
AAPL,APPLE INC,2020-03-01 00:00:00-05:00,2020,1,3,61.56016540527344,68.33616687346671,73.59428517560809,51.47000334244876,6280072400,14840390000,913576863078.7659,913.5768630787659,,,,,,,,39.821213,31.626955,9.545063,59.313923,,,,35.62432624344145,Technology,Consumer Electronics,United States,150000,2020-Q1
AAPL,APPLE INC,2020-04-01 00:00:00-04:00,2020,2,4,71.125,59.674313235010914,71.30172577794379,57.350281708523255,3265299200,14840390000,1055522738750.0,1055.52273875,,,,,,,,39.821213,31.626955,9.545063,59.313923,,,,48.32588176771431,Technology,Consumer Electronics,United States,150000,2020-Q2
AAPL,APPLE INC,2020-05-01 00:00:00-04:00,2020,2,5,76.96897888183594,69.29725745657288,78.49412080694553,69.20042433857904,2805936000,14840390000,1142249664508.2092,1142.2496645082092,,,,,,,,39.821213,31.626955,9.545063,59.313923,,,,83.98447950707335,Technology,Consumer Electronics,United States,150000,2020-Q2
AAPL,APPLE INC,2020-06-01 00:00:00-04:00,2020,2,6,88.55220031738281,77.13120228177463,90.3921871984404,77.00011964349845,3243375600,14840390000,1314149188068.0847,1314.1491880680846,,,,,,,,39.821213,31.626955,9.545063,59.313923,,,,86.51663762332706,Technology,Consumer Electronics,United States,150000,2020-Q2
AAPL,APPLE INC,2020-07-01 00:00:00-04:00,2020,3,7,103.17497253417969,88.62988121249819,103.32547125877302,86.55686425091763,3020283200,14840390000,1531156830646.515,1531.156830646515,,,,,,,,39.821213,31.626955,9.545063,59.313923,,,,101.89291920304595,Technology,Consumer Electronics,United States,150000,2020-Q3
AAPL,APPLE INC,2020-08-01 00:00:00-04:00,2020,3,8,125.2935791015625,105.058629740957,127.1966810003589,104.7600621201168,4070061100,14840390000,1859405578363.037,1859.4055783630372,,,,,,,,39.821213,31.626955,9.545063,59.313923,,,,150.22518008121338,Technology,Consumer Electronics,United States,150000,2020-Q3
AAPL,APPLE INC,2020-09-01 00:00:00-04:00,2020,3,9,112.65044403076172,129.1380074777212,134.2155954904125,100.28720190417407,3885245100,14840390000,1671776523089.6758,1671.7765230896757,,,,,,,,39.821213,31.626955,9.545063,59.313923,,,,108.88341529808426,Technology,Consumer Electronics,United States,150000,2020-Q3
AAPL,APPLE INC,2020-10-01 00:00:00-04:00,2020,4,10,105.89005279541016,114.43051328659791,121.96907570220746,104.78115517571706,2894666500,14840390000,1571449680604.477,1571.449680604477,,,,,,,,39.821213,31.626955,9.545063,59.313923,,,,76.78096278048758,Technology,Consumer Electronics,United States,150000,2020-Q4
AAPL,APPLE INC,2020-11-01 00:00:00-04:00,2020,4,11,115.80203247070312,106.13321721684582,118.66181714904761,104.39205183399096,2123077300,14840390000,1718547324657.898,1718.547324657898,,,,,,,,39.821213,31.626955,9.545063,59.313923,,,,79.95315035303217,Technology,Consumer Electronics,United States,150000,2020-Q4
AAPL,APPLE INC,2020-12-01 00:00:00-05:00,2020,4,12,129.2925567626953,117.91161566193612,135.23636110388523,116.9372200452069,2322189600,14840390000,1918751966455.536,1918.751966455536,,,,,,,,39.821213,31.626955,9.545063,59.313923,,,,82.3066533629887,Technology,Consumer Electronics,United States,150000,2020-Q4
AAPL,APPLE INC,2021-01-01 00:00:00-05:00,2021,1,1,128.581298828125,130.10135416343297,141.37510781236873,123.14416009370882,2240262000,14840390000,1908196621315.918,1908.196621315918,,,,,,,,39.821213,31.626955,9.545063,59.313923,,,,72.01334227009451,Technology,Consumer Electronics,United States,150000,2021-Q1
AAPL,APPLE INC,2021-02-01 00:00:00-05:00,2021,1,2,118.1552505493164,130.3254534270647,134.3497133075023,115.35873160138951,1833855600,14840390000,1753469998699.5698,1753.4699986995697,,,,,,,,39.821213,31.626955,9.545063,59.313923,,,,78.96869686326112,Technology,Consumer Electronics,United States,150000,2021-Q1
AAPL,APPLE INC,2021-03-01 00:00:00-05:00,2021,1,3,119.20033264160156,120.76169447507549,125.61168048683551,113.40376892434658,2650418200,14840390000,1768979424531.0974,1768.9794245310975,,,,,,,,39.821213,31.626955,9.545063,59.313923,,,,93.63224880385148,Technology,Consumer Electronics,United States,150000,2021-Q1
AAPL,APPLE INC,2021-04-01 00:00:00-04:00,2021,2,4,128.2855224609375,120.67387317151064,133.76005328818425,119.53212056648418,1889857500,14840390000,1903807184674.0723,1903.8071846740722,,,,,,,,39.821213,31.626955,9.545063,59.313923,,,,80.36628817003515,Technology,Consumer Electronics,United States,150000,2021-Q2
AAPL,APPLE INC,2021-05-01 00:00:00-04:00,2021,2,5,121.60089874267578,128.85147078826682,130.83246372849953,119.29788779775669,1711934900,14840390000,1804604761691.8184,1804.6047616918183,,,,,,,,39.821213,31.626955,9.545063,59.313923,,,,57.986893563132135,Technology,Consumer Electronics,United States,150000,2021-Q2
AAPL,APPLE INC,2021-06-01 00:00:00-04:00,2021,2,6,133.8797149658203,122.26689670109651,134.319591281627,120.36074859772017,1606590000,14840390000,1986827183181.61,1986.82718318161,,,,,,,,39.821213,31.626955,9.545063,59.313923,,,,51.18733863865346,Technology,Consumer Electronics,United States,150000,2021-Q2
AAPL,APPLE INC,2021-07-01 00:00:00-04:00,2021,3,7,142.5795440673828,133.52781097176785,146.62643302217023,132.7066916109785,1919035100,14840390000,2115936039982.1472,2115.936039982147,,,,,,,,39.821213,31.626955,9.545063,59.313923,,,,38.191986453060814,Technology,Consumer Electronics,United States,150000,2021-Q3
AAPL,APPLE INC,2021-08-01 00:00:00-04:00,2021,3,8,148.41529846191406,143.06831924853677,150.03796813186491,141.25015062313003,1461542800,14840390000,2202540911141.205,2202.540911141205,,,,,,,,39.821213,31.626955,9.545063,59.313923,,,,18.45403373911858,Technology,Consumer Electronics,United States,150000,2021-Q3
AAPL,APPLE INC,2021-09-01 00:00:00-04:00,2021,3,9,138.5248260498047,149.61660366670094,153.9534514745773,138.29966620422485,1797835100,14840390000,2055762443261.261,2055.762443261261,,,,,,,,39.821213,31.626955,9.545063,59.313923,,,,22.968735047309185,Technology,Consumer Electronics,United States,150000,2021-Q3
AAPL,APPLE INC,2021-10-01 00:00:00-04:00,2021,4,10,146.65032958984375,138.9164248983776,149.9494676711758,135.36275891756438,1565079200,14840390000,2176348084741.8213,2176.3480847418214,,,,,,,,39.821213,31.626955,9.545063,59.313923,,,,38.493017727724045,Technology,Consumer Electronics,United States,150000,2021-Q4
AAPL,APPLE INC,2021-11-01 00:00:00-04:00,2021,4,11,161.824462890625,145.8573936471936,162.216046655072,144.3791328197854,1691029000,14840390000,2401538140837.4023,2401.5381408374024,,,,,,,,39.821213,31.626955,9.545063,59.313923,,,,39.742333910732654,Technology,Consumer Electronics,United States,150000,2021-Q4
AAPL,APPLE INC,2021-12-01 00:00:00-05:00,2021,4,12,174.0901336669922,164.19785797225617,178.56076807456577,154.70756597860134,2444766700,14840390000,2583565478770.294,2583.565478770294,,,,,,,,39.821213,31.626955,9.545063,59.313923,,,,34.64822571845239,Technology,Consumer Electronics,United States,150000,2021-Q4
AAPL,APPLE INC,2022-01-01 00:00:00-05:00,2022,1,1,171.3548126220703,174.3450443710169,179.35490364096202,151.6683211742927,2108446000,14840390000,2542972247688.4463,2542.9722476884463,,,,,,,,39.821213,31.626955,9.545063,59.313923,,,,33.26573474041572,Technology,Consumer Electronics,United States,150000,2022-Q1
AAPL,APPLE INC,2022-02-01 00:00:00-05:00,2022,1,2,161.8841552734375,170.59993824419905,173.1882018328233,149.02127137357937,1627516300,14840390000,2402423999078.369,2402.423999078369,,,,,,,,39.821213,31.626955,9.545063,59.313923,,,,37.00970081381971,Technology,Consumer Electronics,United States,150000,2022-Q1
AAPL,APPLE INC,2022-03-01 00:00:00-05:00,2022,1,3,171.40628051757812,161.6781042292777,176.31454121050595,147.3459919932222,2180800100,14840390000,2543736051330.261,2543.736051330261,,,,,,,,39.821213,31.626955,9.545063,59.313923,,,,43.7968139174105,Technology,Consumer Electronics,United States,150000,2022-Q1
AAPL,APPLE INC,2022-04-01 00:00:00-04:00,2022,2,4,154.75743103027344,170.83689550264046,175.21506999130594,152.52909178622963,1687795600,14840390000,2296660631887.3594,2296.660631887359,,,,,,,,39.821213,31.626955,9.545063,59.313923,,,,20.635148894058975,Technology,Consumer Electronics,United States,150000,2022-Q2
AAPL,APPLE INC,2022-05-01 00:00:00-04:00,2022,2,5,146.1090850830078,153.83469677287445,163.42542635619168,130.17687677208772,2401040300,14840390000,2168315805175.0183,2168.3158051750183,,,,,,,,39.821213,31.626955,9.545063,59.313923,,,,20.154609541328085,Technology,Consumer Electronics,United States,150000,2022-Q2
AAPL,APPLE INC,2022-06-01 00:00:00-04:00,2022,2,6,134.40866088867188,147.3658372363708,149.1747422431087,126.85848847144358,1749099800,14840390000,1994676946965.6372,1994.6769469656372,,,,,,,,39.821213,31.626955,9.545063,59.313923,,,,0.395090416039956,Technology,Consumer Electronics,United States,150000,2022-Q2
AAPL,APPLE INC,2022-07-01 00:00:00-04:00,2022,3,7,159.7626495361328,133.7401421754159,160.86372535437394,133.36657654141013,1447125400,14840390000,2370940026549.5303,2370.94002654953,,,,,,,,39.821213,31.626955,9.545063,59.313923,,,,12.051592380341258,Technology,Consumer Electronics,United States,150000,2022-Q3
AAPL,APPLE INC,2022-08-01 00:00:00-04:00,2022,3,8,154.5620880126953,158.2880088326326,173.17205602768408,154.48343866810401,1510239600,14840390000,2293761665322.7236,2293.7616653227237,,,,,,,,39.821213,31.626955,9.545063,59.313923,,,,4.141614519852621,Technology,Consumer Electronics,United States,150000,2022-Q3
AAPL,APPLE INC,2022-09-01 00:00:00-04:00,2022,3,9,136.05233764648438,154.20577826703504,161.70735693158755,135.85544869618502,2084722800,14840390000,2019069751085.5103,2019.0697510855102,,,,,,,,39.821213,31.626955,9.545063,59.313923,,,,-1.7848702458802324,Technology,Consumer Electronics,United States,150000,2022-Q3
AAPL,APPLE INC,2022-10-01 00:00:00-04:00,2022,4,10,150.95709228515625,136.06222275017643,155.05244947653017,132.28188494647188,1868139700,14840390000,2240262122777.71,2240.26212277771,,,,,,,,39.821213,31.626955,9.545063,59.313923,,,,2.936756233250737,Technology,Consumer Electronics,United States,150000,2022-Q4
AAPL,APPLE INC,2022-11-01 00:00:00-04:00,2022,4,11,145.72959899902344,152.67004435568614,153.0342897147618,132.2917272616902,1724847700,14840390000,2162684083689.1174,2162.6840836891174,,,,,,,,39.821213,31.626955,9.545063,59.313923,,,,-9.945878147285969,Technology,Consumer Electronics,United States,150000,2022-Q4
AAPL,APPLE INC,2022-12-01 00:00:00-05:00,2022,4,12,128.123046875,146.14883943639606,148.82114284440314,124.11951951924283,1675731200,14840390000,1901395983613.2812,1901.3959836132813,,,,,,,,39.821213,31.626955,9.545063,59.313923,,,,-26.404188349880975,Technology,Consumer Electronics,United States,150000,2022-Q4
AAPL,APPLE INC,2023-01-01 00:00:00-05:00,2023,1,1,142.28334045410156,128.46818409586913,145.18245603917865,122.44315576771986,1443652500,14840390000,2111540262841.6443,2111.540262841644,,,,,,,,39.821213,31.626955,9.545063,59.313923,,,,-16.96565840382145,Technology,Consumer Electronics,United States,150000,2023-Q1
AAPL,APPLE INC,2023-02-01 00:00:00-05:00,2023,1,2,145.35995483398438,141.96779292441826,155.191302036567,139.35465281497048,1307198900,14840390000,2157198420118.7134,2157.1984201187133,,,,,,,,39.821213,31.626955,9.545063,59.313923,,,,-10.207422963379088,Technology,Consumer Electronics,United States,150000,2023-Q1
AAPL,APPLE INC,2023-03-01 00:00:00-05:00,2023,1,3,162.85496520996094,145.00907049751387,162.95373107479804,142.1153994368048,1520266600,14840390000,2416831197152.252,2416.831197152252,,,,,,,,39.821213,31.626955,9.545063,59.313923,,,,-4.988915973087837,Technology,Consumer Electronics,United States,150000,2023-Q1
AAPL,APPLE INC,2023-04-01 00:00:00-04:00,2023,2,4,167.57571411132812,162.2328174284371,167.74361912541863,157.7984945302835,969776400,14840390000,2486888951940.613,2486.888951940613,,,,,,,,39.821213,31.626955,9.545063,59.313923,,,,8.282822347023334,Technology,Consumer Electronics,United States,150000,2023-Q2
AAPL,APPLE INC,2023-05-01 00:00:00-04:00,2023,2,5,175.0518341064453,167.18067285671503,177.12579698404835,162.27230710667072,1275364700,14840390000,2597837488354.95,2597.83748835495,,,,,,,,39.821213,31.626955,9.545063,59.313923,,,,19.80900024594261,Technology,Consumer Electronics,United States,150000,2023-Q2
AAPL,APPLE INC,2023-06-01 00:00:00-04:00,2023,2,6,191.82948303222656,175.73902322464485,192.33384959396255,174.9775161844365,1297383300,14840390000,2846824341696.625,2846.824341696625,,,,,,,,39.821213,31.626955,9.545063,59.313923,,,,42.721073005195166,Technology,Consumer Electronics,United States,150000,2023-Q2
AAPL,APPLE INC,2023-07-01 00:00:00-04:00,2023,3,7,194.28208923339844,191.64155560870861,196.04244498319164,184.5407971490442,996114000,14840390000,2883221974238.4336,2883.2219742384336,,,,,,,,39.821213,31.626955,9.545063,59.313923,,,,21.606702065527816,Technology,Consumer Electronics,United States,150000,2023-Q3
AAPL,APPLE INC,2023-08-01 00:00:00-04:00,2023,3,8,185.7967529296875,194.07439592890194,194.55897886859566,170.06233944528825,1322657800,14840390000,2757296274210.205,2757.296274210205,,,,,,,,39.821213,31.626955,9.545063,59.313923,,,,20.20849052869074,Technology,Consumer Electronics,United States,150000,2023-Q3
AAPL,APPLE INC,2023-09-01 00:00:00-04:00,2023,3,9,169.5492706298828,187.65195352577632,188.13719085768582,165.99408212511793,1337823000,14840390000,2516177300363.007,2516.177300363007,,,,,,,,39.821213,31.626955,9.545063,59.313923,,,,24.62062288884459,Technology,Consumer Electronics,United States,150000,2023-Q3
AAPL,APPLE INC,2023-10-01 00:00:00-04:00,2023,4,10,169.1135711669922,169.5592032395315,180.5713367441177,164.06303404946124,1172816900,14840390000,2509711350410.919,2509.711350410919,,,,,,,,39.821213,31.626955,9.545063,59.313923,,,,12.02757592040693,Technology,Consumer Electronics,United States,150000,2023-Q4
AAPL,APPLE INC,2023-11-01 00:00:00-04:00,2023,4,11,188.1074981689453,169.34131457582694,191.05858819193836,168.4698456653672,1099651600,14840390000,2791588634751.4346,2791.5886347514347,,,,,,,,39.821213,31.626955,9.545063,59.313923,,,,29.07981594748359,Technology,Consumer Electronics,United States,150000,2023-Q4
AAPL,APPLE INC,2023-12-01 00:00:00-05:00,2023,4,12,190.91366577148438,188.7321382966078,197.94413998202413,185.87631170800535,1063181200,14840390000,2833233256378.479,2833.233256378479,,,,,,,,39.821213,31.626955,9.545063,59.313923,,,,49.00805938352719,Technology,Consumer Electronics,United States,150000,2023-Q4
AAPL,APPLE INC,2024-01-01 00:00:00-05:00,2024,1,1,182.85189819335938,185.5788110820551,194.73133323529925,178.6574146047942,1187490800,14840390000,2713593481429.7485,2713.5934814297484,,,,,,,,39.821213,31.626955,9.545063,59.313923,,,,28.512514261881993,Technology,Consumer Electronics,United States,150000,2024-Q1
AAPL,APPLE INC,2024-02-01 00:00:00-05:00,2024,1,2,179.23255920410156,182.44536405265006,189.44609119180063,177.74515207377706,1161553500,14840390000,2659881079286.957,2659.881079286957,,,,,,,,39.821213,31.626955,9.545063,59.313923,,,,23.30256941040132,Technology,Consumer Electronics,United States,150000,2024-Q1
AAPL,APPLE INC,2024-03-01 00:00:00-05:00,2024,1,3,170.25735473632812,178.26982344379977,179.24283186682777,167.2886829339274,1433151800,14840390000,2526685544655.4565,2526.6855446554564,,,,,,,,39.821213,31.626955,9.545063,59.313923,,,,4.545387680887503,Technology,Consumer Electronics,United States,150000,2024-Q1
AAPL,APPLE INC,2024-04-01 00:00:00-04:00,2024,2,4,169.1155548095703,169.96942364531677,177.0882999753217,162.9101170933881,1246144100,14840390000,2509740788440.3994,2509.7407884403992,85777000000.0,85777.0,39678000000.0,21448000000.0,25352000000.0,28202000000.0,7.314725358896905,39.821213,31.626955,9.545063,59.313923,,,,0.9188925175751983,Technology,Consumer Electronics,United States,150000,2024-Q2
AAPL,APPLE INC,2024-05-01 00:00:00-04:00,2024,2,5,190.8792724609375,168.3709096147525,191.62392501930267,167.9042594661774,1336511300,14840390000,2832722846236.5723,2832.7228462365724,85777000000.0,85777.0,39678000000.0,21448000000.0,25352000000.0,28202000000.0,8.25606761205385,39.821213,31.626955,9.545063,59.313923,,0.0,,9.041572420696742,Technology,Consumer Electronics,United States,150000,2024-Q2
AAPL,APPLE INC,2024-06-01 00:00:00-04:00,2024,2,6,209.40191650390625,191.78439536588593,218.9265143105752,191.03873284086995,1717952100,14840390000,3107606107665.4053,3107.6061076654055,85777000000.0,85777.0,39678000000.0,21448000000.0,25352000000.0,28202000000.0,9.057224278260504,39.821213,31.626955,9.545063,59.313923,,0.0,,9.160444575001847,Technology,Consumer Electronics,United States,150000,2024-Q2
AAPL,APPLE INC,2024-07-01 00:00:00-04:00,2024,3,7,220.795654296875,210.8634236542864,235.85803176169802,210.6944086298264,1153099800,14840390000,3276693620070.801,3276.693620070801,94930000000.0,94930.0,43879000000.0,14736000000.0,29591000000.0,32502000000.0,8.629236332220586,39.821213,31.626955,9.545063,59.313923,,10.670692609907096,,13.646942529851437,Technology,Consumer Electronics,United States,150000,2024-Q3
AAPL,APPLE INC,2024-08-01 00:00:00-04:00,2024,3,8,227.67562866210938,223.07240039834096,231.57295638031437,194.86647693350847,1122667000,14840390000,3378795122840.8813,3378.7951228408815,94930000000.0,94930.0,43879000000.0,14736000000.0,29591000000.0,32502000000.0,8.898122624146428,39.821213,31.626955,9.545063,59.313923,,0.0,10.670692609907096,22.54015480468081,Technology,Consumer Electronics,United States,150000,2024-Q3
AAPL,APPLE INC,2024-09-01 00:00:00-04:00,2024,3,9,231.92063903808594,227.49125648034405,232.01021847239787,212.92902437067798,1232097700,14840390000,3441792732374.42,3441.7927323744198,94930000000.0,94930.0,43879000000.0,14736000000.0,29591000000.0,32502000000.0,9.064028053235068,39.821213,31.626955,9.545063,59.313923,,0.0,10.670692609907096,36.78657429577301,Technology,Consumer Electronics,United States,150000,2024-Q3
AAPL,APPLE INC,2024-10-01 00:00:00-04:00,2024,4,10,224.86349487304688,228.45677246402784,236.38985333507358,220.30470950913585,930736000,14840390000,3337061960679.016,3337.061960679016,124300000000.0,124300.0,58275000000.0,36330000000.0,42832000000.0,45912000000.0,6.711709494527385,39.821213,31.626955,9.545063,59.313923,,30.938586326767094,44.91064038145423,32.96596678867607,Technology,Consumer Electronics,United States,150000,2024-Q4
AAPL,APPLE INC,2024-11-01 00:00:00-04:00,2024,4,11,236.23057556152344,219.94636231181653,236.70834771889417,218.6922047031797,891588300,14840390000,3505753871257.4766,3505.7538712574765,124300000000.0,124300.0,58275000000.0,36330000000.0,42832000000.0,45912000000.0,7.050993305023082,39.821213,31.626955,9.545063,59.313923,,0.0,30.938586326767094,25.58275340484153,Technology,Consumer Electronics,United States,150000,2024-Q4
AAPL,APPLE INC,2024-12-01 00:00:00-05:00,2024,4,12,249.5341796875,236.43070167516854,259.1799462276462,236.32109017341187,977916100,14840390000,3703184544892.578,3703.1845448925783,124300000000.0,124300.0,58275000000.0,36330000000.0,42832000000.0,45912000000.0,7.448078328424333,39.821213,31.626955,9.545063,59.313923,,0.0,30.938586326767094,30.705247672621773,Technology,Consumer Electronics,United States,150000,2024-Q4
AAPL,APPLE INC,2025-01-01 00:00:00-05:00,2025,1,1,235.16519165039062,248.04944675902723,248.21885879426577,218.60398683275523,1200176400,14840390000,3489943158516.5405,3489.9431585165407,95359000000.0,95359.0,44867000000.0,24780000000.0,29589000000.0,32250000000.0,9.149485519239244,39.821213,31.626955,9.545063,59.313923,,-23.283185840707965,0.451911935110072,28.609652934371944,Technology,Consumer Electronics,United States,150000,2025-Q1
AAPL,APPLE INC,2025-02-01 00:00:00-05:00,2025,1,2,240.98452758789062,229.1764541141902,249.11566659469682,224.90162076072954,862272300,14840390000,3576304373370.056,3576.304373370056,95359000000.0,95359.0,44867000000.0,24780000000.0,29589000000.0,32250000000.0,9.375896279769231,39.821213,31.626955,9.545063,59.313923,,0.0,-23.283185840707965,34.453543852748766,Technology,Consumer Electronics,United States,150000,2025-Q1
AAPL,APPLE INC,2025-03-01 00:00:00-05:00,2025,1,3,221.58761596679688,241.19959932998503,243.43413525971957,207.9110858455405,1115239500,14840390000,3288446640117.4927,3288.4466401174927,95359000000.0,95359.0,44867000000.0,24780000000.0,29589000000.0,32250000000.0,8.621227781639627,39.821213,31.626955,9.545063,59.313923,,0.0,-23.283185840707965,30.148630765444583,Technology,Consumer Electronics,United States,150000,2025-Q1
AAPL,APPLE INC,2025-04-01 00:00:00-04:00,2025,2,4,211.9811248779297,219.27327313828556,224.6401413119672,168.7968355943887,1607318600,14840390000,3145882565827.1787,3145.8825658271785,94036000000.0,94036.0,43718000000.0,23434000000.0,28202000000.0,31032000000.0,8.363505906852637,39.821213,31.626955,9.545063,59.313923,,-1.387388710032611,-24.347546259050677,25.346911534321826,Technology,Consumer Electronics,United States,150000,2025-Q2
AAPL,APPLE INC,2025-05-01 00:00:00-04:00,2025,2,5,200.3595733642578,208.56947320319304,214.0360879537139,192.77812484948234,1195728200,14840390000,2973414208959.198,2973.4142089591983,94036000000.0,94036.0,43718000000.0,23434000000.0,28202000000.0,31032000000.0,7.904989070566587,39.821213,31.626955,9.545063,59.313923,,0.0,-1.387388710032611,4.9666476517299385,Technology,Consumer Electronics,United States,150000,2025-Q2
AAPL,APPLE INC,2025-06-01 00:00:00-04:00,2025,2,6,204.93740844726562,200.0529525757105,207.15489297707504,194.84886739578616,1100409300,14840390000,3041351066946.7163,3041.3510669467164,94036000000.0,94036.0,43718000000.0,23434000000.0,28202000000.0,31032000000.0,8.085603032207656,39.821213,31.626955,9.545063,59.313923,,0.0,-1.387388710032611,-2.1320282694534676,Technology,Consumer Electronics,United States,150000,2025-Q2
AAPL,APPLE INC,2025-07-01 00:00:00-04:00,2025,3,7,207.33470153808594,206.435712652381,215.98487279390304,205.90631469100103,1079935600,14840390000,3076927831358.795,3076.9278313587947,,,,,,,,39.821213,31.626955,9.545063,59.313923,,0.0,-1.387388710032611,-6.096565986162883,Technology,Consumer Electronics,United States,150000,2025-Q3
AAPL,APPLE INC,2025-08-01 00:00:00-04:00,2025,3,8,231.87684631347656,210.6309536420719,234.85346392847688,201.27158031796307,1218079100,14840390000,3441142831262.0547,3441.1428312620546,,,,,,,,39.821213,31.626955,9.545063,59.313923,,0.0,0.0,1.8452645441476623,Technology,Consumer Electronics,United States,150000,2025-Q3
AAPL,APPLE INC,2025-09-01 00:00:00-04:00,2025,3,9,254.6300048828125,229.25,257.6000061035156,225.9499969482422,1265536400,14840390000,3778808578162.842,3778.808578162842,,,,,,,,39.821213,31.626955,9.545063,59.313923,,0.0,0.0,9.791869295857381,Technology,Consumer Electronics,United States,150000,2025-Q3
AAPL,APPLE INC,2025-10-01 00:00:00-04:00,2025,4,10,262.82000732421875,255.0399932861328,265.2900085449219,244.0,840290299,14840390000,3900351408494.2627,3900.3514084942626,,,,,,,,39.821213,31.626955,9.545063,59.313923,,0.0,0.0,16.87980188718552,Technology,Consumer Electronics,United States,150000,2025-Q4
