ticker,company_name,date,year,quarter,month,close_price,open_price,high_price,low_price,volume,shares_outstanding,market_cap,market_cap_billions,revenue,revenue_millions,gross_profit,net_income,operating_income,ebitda,ps_ratio,current_pe,forward_pe,current_ps,current_pb,peg_ratio,revenue_qoq_pct,revenue_yoy_pct,market_cap_yoy_pct,sector,industry,country,employees,year_quarter
ACN,ACCENTURE PLC-CL A,2015-01-01 00:00:00-05:00,2015,1,1,70.232421875,74.94634335855147,76.34213078727558,70.09033710417067,54792200,622000000,43684566406.25,43.68456640625,,,,,,,,20.838549,17.980099,2.2584589,5.0441647,,,,,Technology,Information Technology Services,Ireland,779000,2015-Q1
ACN,ACCENTURE PLC-CL A,2015-02-01 00:00:00-05:00,2015,1,2,75.24723052978516,70.55838220230486,76.42571405804422,69.76437309049523,41496100,622000000,46803777389.52637,46.80377738952637,,,,,,,,20.838549,17.980099,2.2584589,5.0441647,,,,,Technology,Information Technology Services,Ireland,779000,2015-Q1
ACN,ACCENTURE PLC-CL A,2015-03-01 00:00:00-05:00,2015,1,3,78.30626678466797,75.24722936627064,79.38445179066075,72.2132713563802,68503900,622000000,48706497940.06348,48.70649794006348,,,,,,,,20.838549,17.980099,2.2584589,5.0441647,,,,,Technology,Information Technology Services,Ireland,779000,2015-Q1
ACN,ACCENTURE PLC-CL A,2015-04-01 00:00:00-04:00,2015,2,4,77.43702697753906,78.1976031909686,80.88888562257922,77.00240653272725,48841600,622000000,48165830780.0293,48.165830780029296,,,,,,,,20.838549,17.980099,2.2584589,5.0441647,,,,,Technology,Information Technology Services,Ireland,779000,2015-Q2
ACN,ACCENTURE PLC-CL A,2015-05-01 00:00:00-04:00,2015,2,5,81.12889862060547,78.8312028565619,82.74235002654802,78.21453930207633,39458400,622000000,50462174942.0166,50.4621749420166,,,,,,,,20.838549,17.980099,2.2584589,5.0441647,,,,,Technology,Information Technology Services,Ireland,779000,2015-Q2
ACN,ACCENTURE PLC-CL A,2015-06-01 00:00:00-04:00,2015,2,6,81.75401306152344,81.24716987378945,84.87110865562168,79.61681988259025,49597500,622000000,50850996124.26758,50.85099612426758,,,,,,,,20.838549,17.980099,2.2584589,5.0441647,,,,,Technology,Information Technology Services,Ireland,779000,2015-Q2
ACN,ACCENTURE PLC-CL A,2015-07-01 00:00:00-04:00,2015,3,7,87.10123443603516,82.56497349739215,87.84460410550764,81.35699375646087,48475700,622000000,54176967819.21387,54.176967819213864,,,,,,,,20.838549,17.980099,2.2584589,5.0441647,,,,,Technology,Information Technology Services,Ireland,779000,2015-Q3
ACN,ACCENTURE PLC-CL A,2015-08-01 00:00:00-04:00,2015,3,8,79.63372039794922,87.15191556386885,89.01034937789633,74.70043672278919,56966300,622000000,49532174087.524414,49.53217408752442,,,,,,,,20.838549,17.980099,2.2584589,5.0441647,,,,,Technology,Information Technology Services,Ireland,779000,2015-Q3
ACN,ACCENTURE PLC-CL A,2015-09-01 00:00:00-04:00,2015,3,9,83.00421142578125,77.61476238571021,84.42337586191523,77.44581684718487,60092500,622000000,51628619506.83594,51.62861950683594,,,,,,,,20.838549,17.980099,2.2584589,5.0441647,,,,,Technology,Information Technology Services,Ireland,779000,2015-Q3
ACN,ACCENTURE PLC-CL A,2015-10-01 00:00:00-04:00,2015,4,10,90.55620574951172,83.18162261704131,92.80321923624467,81.35697950497001,55509800,622000000,56325959976.19629,56.32595997619629,,,,,,,,20.838549,17.980099,2.2584589,5.0441647,,,,,Technology,Information Technology Services,Ireland,779000,2015-Q4
ACN,ACCENTURE PLC-CL A,2015-11-01 00:00:00-04:00,2015,4,11,91.54622650146484,91.42669268604881,92.57934391419167,87.96019249667062,46891900,622000000,56941752883.91113,56.941752883911136,,,,,,,,20.838549,17.980099,2.2584589,5.0441647,,,,,Technology,Information Technology Services,Ireland,779000,2015-Q4
ACN,ACCENTURE PLC-CL A,2015-12-01 00:00:00-05:00,2015,4,12,89.22386169433594,91.60601151073864,93.62101981749994,87.01247915806044,54959900,622000000,55497241973.87695,55.49724197387695,,,,,,,,20.838549,17.980099,2.2584589,5.0441647,,,,,Technology,Information Technology Services,Ireland,779000,2015-Q4
ACN,ACCENTURE PLC-CL A,2016-01-01 00:00:00-05:00,2016,1,1,90.11181640625,87.6186731750197,90.20573676553168,82.93975473535743,66081200,622000000,56049549804.6875,56.0495498046875,,,,,,,,20.838549,17.980099,2.2584589,5.0441647,,,,28.30515309102033,Technology,Information Technology Services,Ireland,779000,2016-Q1
ACN,ACCENTURE PLC-CL A,2016-02-01 00:00:00-05:00,2016,1,2,85.6036605834961,89.43729558211191,91.18762234950374,78.03884441694998,72193500,622000000,53245476882.93457,53.24547688293457,,,,,,,,20.838549,17.980099,2.2584589,5.0441647,,,,13.763204281135021,Technology,Information Technology Services,Ireland,779000,2016-Q1
ACN,ACCENTURE PLC-CL A,2016-03-01 00:00:00-05:00,2016,1,3,98.53047180175781,86.55995518682992,99.47820908418456,86.2355071091213,68422700,622000000,61285953460.69336,61.28595346069336,,,,,,,,20.838549,17.980099,2.2584589,5.0441647,,,,25.827058098304924,Technology,Information Technology Services,Ireland,779000,2016-Q1
ACN,ACCENTURE PLC-CL A,2016-04-01 00:00:00-04:00,2016,2,4,96.41299438476562,97.98402073122725,99.48673365414915,95.44818371690158,49572000,622000000,59968882507.32422,59.96888250732422,,,,,,,,20.838549,17.980099,2.2584589,5.0441647,,,,24.505030923682835,Technology,Information Technology Services,Ireland,779000,2016-Q2
ACN,ACCENTURE PLC-CL A,2016-05-01 00:00:00-04:00,2016,2,5,102.56488037109375,97.33189065802075,103.21146068116384,96.77151974048901,37905300,622000000,63795355590.82031,63.795355590820314,,,,,,,,20.838549,17.980099,2.2584589,5.0441647,,,,26.422128384525955,Technology,Information Technology Services,Ireland,779000,2016-Q2
ACN,ACCENTURE PLC-CL A,2016-06-01 00:00:00-04:00,2016,2,6,97.66812133789062,102.56489028944891,104.12530215056128,93.6765675389097,50791400,622000000,60749571472.16797,60.74957147216797,,,,,,,,20.838549,17.980099,2.2584589,5.0441647,,,,19.465843547510175,Technology,Information Technology Services,Ireland,779000,2016-Q2
ACN,ACCENTURE PLC-CL A,2016-07-01 00:00:00-04:00,2016,3,7,97.25431823730469,97.98711467276266,101.72865703716809,95.97840317134457,43799800,622000000,60492185943.603516,60.492185943603516,,,,,,,,20.838549,17.980099,2.2584589,5.0441647,,,,11.656647425273503,Technology,Information Technology Services,Ireland,779000,2016-Q3
ACN,ACCENTURE PLC-CL A,2016-08-01 00:00:00-04:00,2016,3,8,99.14231872558594,97.05602107531715,100.1768446378673,96.32323133933824,42291400,622000000,61666522247.31445,61.666522247314454,,,,,,,,20.838549,17.980099,2.2584589,5.0441647,,,,24.497911475374345,Technology,Information Technology Services,Ireland,779000,2016-Q3
ACN,ACCENTURE PLC-CL A,2016-09-01 00:00:00-04:00,2016,3,9,105.32361602783203,98.92678333743207,107.72889547080904,93.82311121353449,58695000,622000000,65511289169.31152,65.51128916931152,,,,,,,,20.838549,17.980099,2.2584589,5.0441647,,,,26.889484543814767,Technology,Information Technology Services,Ireland,779000,2016-Q3
ACN,ACCENTURE PLC-CL A,2016-10-01 00:00:00-04:00,2016,4,10,100.21134948730469,104.82362217054258,105.58228079479179,98.71990755982684,50003000,622000000,62331459381.103516,62.331459381103514,,,,,,,,20.838549,17.980099,2.2584589,5.0441647,,,,10.662045364952832,Technology,Information Technology Services,Ireland,779000,2016-Q4
ACN,ACCENTURE PLC-CL A,2016-11-01 00:00:00-04:00,2016,4,11,104.03250122070312,101.48025086864774,105.8617576325279,99.87747584747578,54957500,622000000,64708215759.27734,64.70821575927734,,,,,,,,20.838549,17.980099,2.2584589,5.0441647,,,,13.639311194370741,Technology,Information Technology Services,Ireland,779000,2016-Q4
ACN,ACCENTURE PLC-CL A,2016-12-01 00:00:00-05:00,2016,4,12,102.02902221679688,104.09347255876793,109.51156064565298,101.12310333176308,49415000,622000000,63462051818.84766,63.462051818847655,,,,,,,,20.838549,17.980099,2.2584589,5.0441647,,,,14.35172192650549,Technology,Information Technology Services,Ireland,779000,2016-Q4
ACN,ACCENTURE PLC-CL A,2017-01-01 00:00:00-05:00,2017,1,1,99.18930053710938,102.2467686290086,103.10042494896668,98.09174431024158,52904600,622000000,61695744934.08203,61.69574493408203,,,,,,,,20.838549,17.980099,2.2584589,5.0441647,,,,10.073578019929673,Technology,Information Technology Services,Ireland,779000,2017-Q1
ACN,ACCENTURE PLC-CL A,2017-02-01 00:00:00-05:00,2017,1,2,106.70670318603516,99.12835223031686,107.51680332095201,97.83044550456486,38174000,622000000,66371569381.71387,66.37156938171387,,,,,,,,20.838549,17.980099,2.2584589,5.0441647,,,,24.652032937254575,Technology,Information Technology Services,Ireland,779000,2017-Q1
ACN,ACCENTURE PLC-CL A,2017-03-01 00:00:00-05:00,2017,1,3,104.42446899414062,107.3512815366388,110.2171190947422,103.04817553983393,65634500,622000000,64952019714.35547,64.95201971435547,,,,,,,,20.838549,17.980099,2.2584589,5.0441647,,,,5.981902942920514,Technology,Information Technology Services,Ireland,779000,2017-Q1
ACN,ACCENTURE PLC-CL A,2017-04-01 00:00:00-04:00,2017,2,4,105.661376953125,102.7868274261191,105.70492670609578,100.01680926863513,42332600,622000000,65721376464.84375,65.72137646484374,,,,,,,,20.838549,17.980099,2.2584589,5.0441647,,,,9.592464820095593,Technology,Information Technology Services,Ireland,779000,2017-Q2
ACN,ACCENTURE PLC-CL A,2017-05-01 00:00:00-04:00,2017,2,5,109.54757690429688,106.81923017081506,109.66198908374967,105.09421090245414,40493000,622000000,68138592834.47266,68.13859283447266,,,,,,,,20.838549,17.980099,2.2584589,5.0441647,,,,6.8080774900129315,Technology,Information Technology Services,Ireland,779000,2017-Q2
ACN,ACCENTURE PLC-CL A,2017-06-01 00:00:00-04:00,2017,2,6,108.8522720336914,109.95241223183483,113.06801007874374,104.82135673616042,56432600,622000000,67706113204.956055,67.70611320495605,,,,,,,,20.838549,17.980099,2.2584589,5.0441647,,,,11.451178278640505,Technology,Information Technology Services,Ireland,779000,2017-Q2
ACN,ACCENTURE PLC-CL A,2017-07-01 00:00:00-04:00,2017,3,7,113.37606048583984,108.9754927542052,114.15055009279266,107.40009110438413,33694900,622000000,70519909622.19238,70.51990962219239,,,,,,,,20.838549,17.980099,2.2584589,5.0441647,,,,16.57689091932908,Technology,Information Technology Services,Ireland,779000,2017-Q3
ACN,ACCENTURE PLC-CL A,2017-08-01 00:00:00-04:00,2017,3,8,115.08346557617188,113.62248954148437,115.22428675018517,112.00307961394715,34604900,622000000,71581915588.3789,71.5819155883789,,,,,,,,20.838549,17.980099,2.2584589,5.0441647,,,,16.079053884859327,Technology,Information Technology Services,Ireland,779000,2017-Q3
ACN,ACCENTURE PLC-CL A,2017-09-01 00:00:00-04:00,2017,3,9,118.87674713134766,115.25067616751144,122.07154490453972,113.62247684924255,50820700,622000000,73941336715.69824,73.94133671569824,,,,,,,,20.838549,17.980099,2.2584589,5.0441647,,,,12.868083735307923,Technology,Information Technology Services,Ireland,779000,2017-Q3
ACN,ACCENTURE PLC-CL A,2017-10-01 00:00:00-04:00,2017,4,10,125.29276275634766,119.0175590024579,126.54252036335329,117.63578994837061,41387500,622000000,77932098434.44824,77.93209843444824,,,,,,,,20.838549,17.980099,2.2584589,5.0441647,,,,25.028515629579886,Technology,Information Technology Services,Ireland,779000,2017-Q4
ACN,ACCENTURE PLC-CL A,2017-11-01 00:00:00-04:00,2017,4,11,131.5270538330078,126.41739510989458,132.05135955504474,125.71537839933991,34120000,622000000,81809827484.13086,81.80982748413086,,,,,,,,20.838549,17.980099,2.2584589,5.0441647,,,,26.428810506031652,Technology,Information Technology Services,Ireland,779000,2017-Q4
ACN,ACCENTURE PLC-CL A,2017-12-01 00:00:00-05:00,2017,4,12,136.04135131835938,131.25160137967302,140.79556176511733,129.5187630084444,40816400,622000000,84617720520.01953,84.61772052001953,,,,,,,,20.838549,17.980099,2.2584589,5.0441647,,,,33.33593556281586,Technology,Information Technology Services,Ireland,779000,2017-Q4
ACN,ACCENTURE PLC-CL A,2018-01-01 00:00:00-05:00,2018,1,1,142.80380249023438,136.40562600204052,144.4922190259652,135.7658069972702,42247000,622000000,88823965148.92578,88.82396514892578,,,,,,,,20.838549,17.980099,2.2584589,5.0441647,,,,43.970974406466,Technology,Information Technology Services,Ireland,779000,2018-Q1
ACN,ACCENTURE PLC-CL A,2018-02-01 00:00:00-05:00,2018,1,2,143.07936096191406,142.3240280569012,147.14043636001753,132.22022162110886,43864100,622000000,88995362518.31055,88.99536251831054,,,,,,,,20.838549,17.980099,2.2584589,5.0441647,,,,34.08657252999927,Technology,Information Technology Services,Ireland,779000,2018-Q1
ACN,ACCENTURE PLC-CL A,2018-03-01 00:00:00-05:00,2018,1,3,136.4056854248047,143.3192754319326,146.00296111773633,130.77173398466968,66273100,622000000,84844336334.22852,84.84433633422852,,,,,,,,20.838549,17.980099,2.2584589,5.0441647,,,,30.62617099107161,Technology,Information Technology Services,Ireland,779000,2018-Q1
ACN,ACCENTURE PLC-CL A,2018-04-01 00:00:00-04:00,2018,2,4,134.36183166503906,134.9127954973734,138.36069578340044,129.78535926449874,42164300,622000000,83573059295.6543,83.5730592956543,,,,,,,,20.838549,17.980099,2.2584589,5.0441647,,,,27.162673381255065,Technology,Information Technology Services,Ireland,779000,2018-Q2
ACN,ACCENTURE PLC-CL A,2018-05-01 00:00:00-04:00,2018,2,5,139.61746215820312,135.44883204151685,141.32972441720815,133.70070300898152,37186500,622000000,86842061462.40234,86.84206146240234,,,,,,,,20.838549,17.980099,2.2584589,5.0441647,,,,27.44915597738502,Technology,Information Technology Services,Ireland,779000,2018-Q2
ACN,ACCENTURE PLC-CL A,2018-06-01 00:00:00-04:00,2018,2,6,146.65480041503906,140.6932285006062,148.42086278014153,139.22300545180252,57789200,622000000,91219285858.1543,91.2192858581543,,,,,,,,20.838549,17.980099,2.2584589,5.0441647,,,,34.7282860293878,Technology,Information Technology Services,Ireland,779000,2018-Q2
ACN,ACCENTURE PLC-CL A,2018-07-01 00:00:00-04:00,2018,3,7,142.83584594726562,145.13978736774368,151.45996020560253,141.7152484114456,42665600,622000000,88843896179.19922,88.84389617919922,,,,,,,,20.838549,17.980099,2.2584589,5.0441647,,,,25.984132219080912,Technology,Information Technology Services,Ireland,779000,2018-Q3
ACN,ACCENTURE PLC-CL A,2018-08-01 00:00:00-04:00,2018,3,8,151.56753540039062,143.71437970901485,152.3295334595795,141.50007805147715,37640800,622000000,94275007019.04297,94.27500701904297,,,,,,,,20.838549,17.980099,2.2584589,5.0441647,,,,31.702268993690087,Technology,Information Technology Services,Ireland,779000,2018-Q3
ACN,ACCENTURE PLC-CL A,2018-09-01 00:00:00-04:00,2018,3,9,152.58055114746094,151.2896206533184,157.4573936012579,150.16006331052793,40698200,622000000,94905102813.7207,94.9051028137207,,,,,,,,20.838549,17.980099,2.2584589,5.0441647,,,,28.351889523755002,Technology,Information Technology Services,Ireland,779000,2018-Q3
ACN,ACCENTURE PLC-CL A,2018-10-01 00:00:00-04:00,2018,4,10,141.30287170410156,153.42325927123792,156.7223057447647,135.03649863026362,53970000,622000000,87890386199.95117,87.89038619995117,,,,,,,,20.838549,17.980099,2.2584589,5.0441647,,,,12.778159404855804,Technology,Information Technology Services,Ireland,779000,2018-Q4
ACN,ACCENTURE PLC-CL A,2018-11-01 00:00:00-04:00,2018,4,11,148.8365478515625,142.84761358512444,150.12117962844567,140.45023981210136,47618200,622000000,92576332763.67188,92.57633276367187,,,,,,,,20.838549,17.980099,2.2584589,5.0441647,,,,13.160405797982477,Technology,Information Technology Services,Ireland,779000,2018-Q4
ACN,ACCENTURE PLC-CL A,2018-12-01 00:00:00-05:00,2018,4,12,127.5677490234375,150.1483603002046,152.31956681726928,119.98660970834726,58259200,622000000,79347139892.57812,79.34713989257813,,,,,,,,20.838549,17.980099,2.2584589,5.0441647,,,,-6.228696063957962,Technology,Information Technology Services,Ireland,779000,2018-Q4
ACN,ACCENTURE PLC-CL A,2019-01-01 00:00:00-05:00,2019,1,1,138.9123077392578,125.68600138865335,140.13360594792425,122.6553602300889,43567200,622000000,86403455413.81836,86.40345541381836,,,,,,,,20.838549,17.980099,2.2584589,5.0441647,,,,-2.7250638170105312,Technology,Information Technology Services,Ireland,779000,2019-Q1
ACN,ACCENTURE PLC-CL A,2019-02-01 00:00:00-05:00,2019,1,2,145.9959259033203,139.54561215275808,147.00915380760574,139.01185915347878,34127700,622000000,90809465911.86523,90.80946591186523,,,,,,,,20.838549,17.980099,2.2584589,5.0441647,,,,2.038424634970659,Technology,Information Technology Services,Ireland,779000,2019-Q1
ACN,ACCENTURE PLC-CL A,2019-03-01 00:00:00-05:00,2019,1,3,159.2403106689453,147.46148170102637,160.5701791235907,145.19980253383272,45264400,622000000,99047473236.08398,99.04747323608399,,,,,,,,20.838549,17.980099,2.2584589,5.0441647,,,,16.74022983208312,Technology,Information Technology Services,Ireland,779000,2019-Q1
ACN,ACCENTURE PLC-CL A,2019-04-01 00:00:00-04:00,2019,2,4,165.25633239746094,158.76983974637682,165.40108314271416,157.91944637325275,35897100,622000000,102789438751.2207,102.7894387512207,,,,,,,,20.838549,17.980099,2.2584589,5.0441647,,,,22.993509651938314,Technology,Information Technology Services,Ireland,779000,2019-Q2
ACN,ACCENTURE PLC-CL A,2019-05-01 00:00:00-04:00,2019,2,5,162.42919921875,167.10859536834118,167.24542844502085,155.38728556305244,39072700,622000000,101030961914.0625,101.0309619140625,,,,,,,,20.838549,17.980099,2.2584589,5.0441647,,,,16.33874209423638,Technology,Information Technology Services,Ireland,779000,2019-Q2
ACN,ACCENTURE PLC-CL A,2019-06-01 00:00:00-04:00,2019,2,6,168.5406951904297,162.24674967460203,170.8575876747346,158.9264703357574,39715600,622000000,104832312408.44727,104.83231240844727,,,,,,,,20.838549,17.980099,2.2584589,5.0441647,,,,14.923408380395763,Technology,Information Technology Services,Ireland,779000,2019-Q2
ACN,ACCENTURE PLC-CL A,2019-07-01 00:00:00-04:00,2019,3,7,175.66468811035156,168.59541134271737,180.1251731528015,168.23053709391536,34614000,622000000,109263436004.63867,109.26343600463868,,,,,,,,20.838549,17.980099,2.2584589,5.0441647,,,,22.983615874131623,Technology,Information Technology Services,Ireland,779000,2019-Q3
ACN,ACCENTURE PLC-CL A,2019-08-01 00:00:00-04:00,2019,3,8,180.7637176513672,176.34884284922768,183.0532465534837,168.04813664182663,40805700,622000000,112435032379.15039,112.43503237915039,,,,,,,,20.838549,17.980099,2.2584589,5.0441647,,,,19.262820480553454,Technology,Information Technology Services,Ireland,779000,2019-Q3
ACN,ACCENTURE PLC-CL A,2019-09-01 00:00:00-04:00,2019,3,9,175.4548797607422,179.11265507507983,184.98699777412676,170.83019820508807,43457400,622000000,109132935211.18164,109.13293521118165,,,,,,,,20.838549,17.980099,2.2584589,5.0441647,,,,14.991641097936803,Technology,Information Technology Services,Ireland,779000,2019-Q3
ACN,ACCENTURE PLC-CL A,2019-10-01 00:00:00-04:00,2019,4,10,169.1336212158203,175.68297271147568,176.38532969273325,165.9866549618995,42679200,622000000,105201112396.24023,105.20111239624023,,,,,,,,20.838549,17.980099,2.2584589,5.0441647,,,,19.695813097131065,Technology,Information Technology Services,Ireland,779000,2019-Q4
ACN,ACCENTURE PLC-CL A,2019-11-01 00:00:00-04:00,2019,4,11,184.27944946289062,171.03286948699719,184.73749143472423,169.9152459574567,30349000,622000000,114621817565.91797,114.62181756591796,,,,,,,,20.838549,17.980099,2.2584589,5.0441647,,,,23.813305349352774,Technology,Information Technology Services,Ireland,779000,2019-Q4
ACN,ACCENTURE PLC-CL A,2019-12-01 00:00:00-05:00,2019,4,12,192.89976501464844,184.5359157710788,195.35486279409238,179.98297834291031,39647400,622000000,119983653839.11133,119.98365383911133,,,,,,,,20.838549,17.980099,2.2584589,5.0441647,,,,51.213583755567996,Technology,Information Technology Services,Ireland,779000,2019-Q4
ACN,ACCENTURE PLC-CL A,2020-01-01 00:00:00-05:00,2020,1,1,187.9895782470703,193.1654465524576,194.13649322398183,186.13908490457607,46225400,622000000,116929517669.67773,116.92951766967774,,,,,,,,20.838549,17.980099,2.2584589,5.0441647,,,,35.32967762650079,Technology,Information Technology Services,Ireland,779000,2020-Q1
ACN,ACCENTURE PLC-CL A,2020-02-01 00:00:00-05:00,2020,1,2,166.0751495361328,188.83587844898273,198.99774204280996,161.21033728819484,42168200,622000000,103298743011.47461,103.29874301147461,,,,,,,,20.838549,17.980099,2.2584589,5.0441647,,,,13.75327668123365,Technology,Information Technology Services,Ireland,779000,2020-Q1
ACN,ACCENTURE PLC-CL A,2020-03-01 00:00:00-05:00,2020,1,3,150.1380615234375,167.3718492996855,176.47613658820302,126.12663796645697,105690400,622000000,93385874267.57812,93.38587426757813,,,,,,,,20.838549,17.980099,2.2584589,5.0441647,,,,-5.716045834921191,Technology,Information Technology Services,Ireland,779000,2020-Q1
ACN,ACCENTURE PLC-CL A,2020-04-01 00:00:00-04:00,2020,2,4,170.30545043945312,145.8250238539896,173.0459305301468,136.3620694981074,59790800,622000000,105929990173.33984,105.92999017333985,,,,,,,,20.838549,17.980099,2.2584589,5.0441647,,,,3.055325002523035,Technology,Information Technology Services,Ireland,779000,2020-Q2
ACN,ACCENTURE PLC-CL A,2020-05-01 00:00:00-04:00,2020,2,5,186.25149536132812,167.8591473673221,188.6163569075865,161.60518719528883,41873500,622000000,115848430114.7461,115.8484301147461,,,,,,,,20.838549,17.980099,2.2584589,5.0441647,,,,14.666264598457857,Technology,Information Technology Services,Ireland,779000,2020-Q2
ACN,ACCENTURE PLC-CL A,2020-06-01 00:00:00-04:00,2020,2,6,198.3529815673828,186.177618974046,201.28134680955299,179.9790962288902,55507600,622000000,123375554534.91211,123.37555453491211,,,,,,,,20.838549,17.980099,2.2584589,5.0441647,,,,17.688479535028033,Technology,Information Technology Services,Ireland,779000,2020-Q2
ACN,ACCENTURE PLC-CL A,2020-07-01 00:00:00-04:00,2020,3,7,207.64613342285156,198.14972800553275,208.5329635824612,197.23518572490596,36956200,622000000,129155894989.01367,129.15589498901366,,,,,,,,20.838549,17.980099,2.2584589,5.0441647,,,,18.205961400967198,Technology,Information Technology Services,Ireland,779000,2020-Q3
ACN,ACCENTURE PLC-CL A,2020-08-01 00:00:00-04:00,2020,3,8,222.4533233642578,208.61084184916206,225.80036899270863,208.11018205354844,31526600,622000000,138365967132.56836,138.36596713256836,,,,,,,,20.838549,17.980099,2.2584589,5.0441647,,,,23.06303845404194,Technology,Information Technology Services,Ireland,779000,2020-Q3
ACN,ACCENTURE PLC-CL A,2020-09-01 00:00:00-04:00,2020,3,9,209.5287322998047,221.11822338385522,229.76862122666992,195.0928554147939,48333500,622000000,130326871490.47852,130.3268714904785,,,,,,,,20.838549,17.980099,2.2584589,5.0441647,,,,19.42029345979266,Technology,Information Technology Services,Ireland,779000,2020-Q3
ACN,ACCENTURE PLC-CL A,2020-10-01 00:00:00-04:00,2020,4,10,201.11016845703125,210.79898230219723,217.61361021553603,196.97503090504196,37834400,622000000,125090524780.27344,125.09052478027344,,,,,,,,20.838549,17.980099,2.2584589,5.0441647,,,,18.906085621147884,Technology,Information Technology Services,Ireland,779000,2020-Q4
ACN,ACCENTURE PLC-CL A,2020-11-01 00:00:00-04:00,2020,4,11,231.85043334960938,204.00120358014286,233.5444776429305,203.21004075309088,35382000,622000000,144210969543.45703,144.21096954345703,,,,,,,,20.838549,17.980099,2.2584589,5.0441647,,,,25.81458975776807,Technology,Information Technology Services,Ireland,779000,2020-Q4
ACN,ACCENTURE PLC-CL A,2020-12-01 00:00:00-05:00,2020,4,12,243.1316680908203,234.1030071833084,252.41164629591873,226.69392612296676,45455800,622000000,151227897552.49023,151.22789755249025,,,,,,,,20.838549,17.980099,2.2584589,5.0441647,,,,26.04041693485597,Technology,Information Technology Services,Ireland,779000,2020-Q4
ACN,ACCENTURE PLC-CL A,2021-01-01 00:00:00-05:00,2021,1,1,225.17669677734375,242.93617023692184,248.0834373819687,224.9998444192943,38006100,622000000,140059905395.5078,140.05990539550783,,,,,,,,20.838549,17.980099,2.2584589,5.0441647,,,,19.78147878038179,Technology,Information Technology Services,Ireland,779000,2021-Q1
ACN,ACCENTURE PLC-CL A,2021-02-01 00:00:00-05:00,2021,1,2,234.33322143554688,229.85017388775884,244.33603873434316,227.860811918827,34428900,622000000,145755263732.91016,145.75526373291015,,,,,,,,20.838549,17.980099,2.2584589,5.0441647,,,,41.10071379737834,Technology,Information Technology Services,Ireland,779000,2021-Q1
ACN,ACCENTURE PLC-CL A,2021-03-01 00:00:00-05:00,2021,1,3,258.0093688964844,237.22852379984448,262.72590885448915,228.29976746773693,58126700,622000000,160481827453.61328,160.48182745361328,,,,,,,,20.838549,17.980099,2.2584589,5.0441647,,,,71.84807521722763,Technology,Information Technology Services,Ireland,779000,2021-Q1
ACN,ACCENTURE PLC-CL A,2021-04-01 00:00:00-04:00,2021,2,4,270.8233947753906,260.22282516220525,273.9148344820599,257.8412120718154,38033500,622000000,168452151550.29297,168.45215155029297,,,,,,,,20.838549,17.980099,2.2584589,5.0441647,,,,59.02215347574773,Technology,Information Technology Services,Ireland,779000,2021-Q2
ACN,ACCENTURE PLC-CL A,2021-05-01 00:00:00-04:00,2021,2,5,264.3447265625,274.43471013192726,275.90558889374756,259.39810118878125,39091400,622000000,164422419921.875,164.422419921875,,,,,,,,20.838549,17.980099,2.2584589,5.0441647,,,,41.92891501336455,Technology,Information Technology Services,Ireland,779000,2021-Q2
ACN,ACCENTURE PLC-CL A,2021-06-01 00:00:00-04:00,2021,2,6,276.17730712890625,267.54879532973973,278.9972397560081,259.866551034291,42953300,622000000,171782285034.1797,171.7822850341797,,,,,,,,20.838549,17.980099,2.2584589,5.0441647,,,,39.23526883566688,Technology,Information Technology Services,Ireland,779000,2021-Q2
ACN,ACCENTURE PLC-CL A,2021-07-01 00:00:00-04:00,2021,3,7,297.6220397949219,276.8237396622215,300.73242563837823,276.37403602280864,38555900,622000000,185120908752.4414,185.1209087524414,,,,,,,,20.838549,17.980099,2.2584589,5.0441647,,,,43.331366151106195,Technology,Information Technology Services,Ireland,779000,2021-Q3
ACN,ACCENTURE PLC-CL A,2021-08-01 00:00:00-04:00,2021,3,8,316.2000732421875,299.9560097530007,318.16363694527394,296.41408316964987,32643800,622000000,196676445556.64062,196.67644555664063,,,,,,,,20.838549,17.980099,2.2584589,5.0441647,,,,42.14221143571022,Technology,Information Technology Services,Ireland,779000,2021-Q3
ACN,ACCENTURE PLC-CL A,2021-09-01 00:00:00-04:00,2021,3,9,300.56671142578125,317.03624713234126,324.61803723064094,299.0446879291895,45872700,622000000,186952494506.83594,186.95249450683593,,,,,,,,20.838549,17.980099,2.2584589,5.0441647,,,,43.44892374746707,Technology,Information Technology Services,Ireland,779000,2021-Q3
ACN,ACCENTURE PLC-CL A,2021-10-01 00:00:00-04:00,2021,4,10,337.0852966308594,303.8079883206923,337.86507383548786,296.8932393412217,35413000,622000000,209667054504.39453,209.66705450439454,,,,,,,,20.838549,17.980099,2.2584589,5.0441647,,,,67.61225910010624,Technology,Information Technology Services,Ireland,779000,2021-Q4
ACN,ACCENTURE PLC-CL A,2021-11-01 00:00:00-04:00,2021,4,11,336.7762145996094,338.12368949742444,353.28524078374113,331.7820627898107,45477600,622000000,209474805480.95703,209.47480548095703,,,,,,,,20.838549,17.980099,2.2584589,5.0441647,,,,45.255805535537405,Technology,Information Technology Services,Ireland,779000,2021-Q4
ACN,ACCENTURE PLC-CL A,2021-12-01 00:00:00-05:00,2021,4,12,390.62835693359375,344.1920633147407,393.2856355731734,336.719671321853,53205200,622000000,242970838012.6953,242.9708380126953,,,,,,,,20.838549,17.980099,2.2584589,5.0441647,,,,60.66535470306442,Technology,Information Technology Services,Ireland,779000,2021-Q4
ACN,ACCENTURE PLC-CL A,2022-01-01 00:00:00-05:00,2022,1,1,333.1766662597656,390.73206317679217,391.5518552572683,300.6863518145163,63805000,622000000,207235886413.57422,207.2358864135742,,,,,,,,20.838549,17.980099,2.2584589,5.0441647,,,,47.96232071439124,Technology,Information Technology Services,Ireland,779000,2022-Q1
ACN,ACCENTURE PLC-CL A,2022-02-01 00:00:00-05:00,2022,1,2,298.5560302734375,334.64502589844113,340.20008879582315,284.09209680879826,48249200,622000000,185701850830.07812,185.70185083007811,,,,,,,,20.838549,17.980099,2.2584589,5.0441647,,,,27.40661714308188,Technology,Information Technology Services,Ireland,779000,2022-Q1
ACN,ACCENTURE PLC-CL A,2022-03-01 00:00:00-05:00,2022,1,3,318.59393310546875,299.48187736627057,325.42436882819027,280.92721345959825,62911400,622000000,198165426391.60156,198.16542639160156,,,,,,,,20.838549,17.980099,2.2584589,5.0441647,,,,23.481536530284465,Technology,Information Technology Services,Ireland,779000,2022-Q1
ACN,ACCENTURE PLC-CL A,2022-04-01 00:00:00-04:00,2022,2,4,283.761474609375,319.8788165353162,326.2180000576508,283.2324236679914,45062200,622000000,176499637207.03125,176.49963720703124,,,,,,,,20.838549,17.980099,2.2584589,5.0441647,,,,4.777312478751949,Technology,Information Technology Services,Ireland,779000,2022-Q2
ACN,ACCENTURE PLC-CL A,2022-05-01 00:00:00-04:00,2022,2,5,282.80609130859375,284.70119349585735,299.3124440831239,254.10478950270132,50760000,622000000,175905388793.9453,175.90538879394532,,,,,,,,20.838549,17.980099,2.2584589,5.0441647,,,,6.983821839823556,Technology,Information Technology Services,Ireland,779000,2022-Q2
ACN,ACCENTURE PLC-CL A,2022-06-01 00:00:00-04:00,2022,2,6,263.0875549316406,288.1787182599329,295.9391640173964,254.97651989682313,51679000,622000000,163640459167.48047,163.64045916748046,,,,,,,,20.838549,17.980099,2.2584589,5.0441647,,,,-4.73961902711868,Technology,Information Technology Services,Ireland,779000,2022-Q2
ACN,ACCENTURE PLC-CL A,2022-07-01 00:00:00-04:00,2022,3,7,290.1970520019531,263.0212604631562,291.61837886188516,248.0404776728301,39731900,622000000,180502566345.21484,180.50256634521483,,,,,,,,20.838549,17.980099,2.2584589,5.0441647,,,,-2.4947708167328497,Technology,Information Technology Services,Ireland,779000,2022-Q3
ACN,ACCENTURE PLC-CL A,2022-08-01 00:00:00-04:00,2022,3,8,274.3028259277344,287.682299283429,307.0335588937597,273.3233778786719,36922600,622000000,170616357727.05078,170.61635772705077,,,,,,,,20.838549,17.980099,2.2584589,5.0441647,,,,-13.250233273147504,Technology,Information Technology Services,Ireland,779000,2022-Q3
ACN,ACCENTURE PLC-CL A,2022-09-01 00:00:00-04:00,2022,3,9,244.672119140625,273.6752283043674,282.2430413141644,241.79084232719455,50957600,622000000,152186058105.46875,152.18605810546876,,,,,,,,20.838549,17.980099,2.2584589,5.0441647,,,,-18.596401451116208,Technology,Information Technology Services,Ireland,779000,2022-Q3
ACN,ACCENTURE PLC-CL A,2022-10-01 00:00:00-04:00,2022,4,10,269.9665832519531,247.4963056274813,274.0745707194273,231.02635430525658,46327800,622000000,167919214782.71484,167.91921478271485,,,,,,,,20.838549,17.980099,2.2584589,5.0441647,,,,-19.911492447090527,Technology,Information Technology Services,Ireland,779000,2022-Q4
ACN,ACCENTURE PLC-CL A,2022-11-01 00:00:00-04:00,2022,4,11,287.433349609375,274.18542068028984,287.47156377997874,244.53754959692156,39821400,622000000,178783543457.03125,178.78354345703124,,,,,,,,20.838549,17.980099,2.2584589,5.0441647,,,,-14.65152907217564,Technology,Information Technology Services,Ireland,779000,2022-Q4
ACN,ACCENTURE PLC-CL A,2022-12-01 00:00:00-05:00,2022,4,12,254.87225341796875,288.8851642011216,291.4449595158955,242.13055437027302,50441000,622000000,158530541625.97656,158.53054162597655,,,,,,,,20.838549,17.980099,2.2584589,5.0441647,,,,-34.75326383913888,Technology,Information Technology Services,Ireland,779000,2022-Q4
ACN,ACCENTURE PLC-CL A,2023-01-01 00:00:00-05:00,2023,1,1,266.53466796875,257.12646124183937,275.05462109987815,249.64761839458757,45061600,622000000,165784563476.5625,165.7845634765625,,,,,,,,20.838549,17.980099,2.2584589,5.0441647,,,,-20.0020004519336,Technology,Information Technology Services,Ireland,779000,2023-Q1
ACN,ACCENTURE PLC-CL A,2023-02-01 00:00:00-05:00,2023,1,2,254.67762756347656,265.275227176462,283.67953717223173,251.9922791127136,35007000,622000000,158409484344.48242,158.40948434448242,,,,,,,,20.838549,17.980099,2.2584589,5.0441647,,,,-14.696873705673996,Technology,Information Technology Services,Ireland,779000,2023-Q1
ACN,ACCENTURE PLC-CL A,2023-03-01 00:00:00-05:00,2023,1,3,274.108154296875,254.15977491186297,274.2520070328616,232.85910663831436,69747200,622000000,170495271972.65625,170.49527197265624,,,,,,,,20.838549,17.980099,2.2584589,5.0441647,,,,-13.963159428358285,Technology,Information Technology Services,Ireland,779000,2023-Q1
ACN,ACCENTURE PLC-CL A,2023-04-01 00:00:00-04:00,2023,2,4,268.8141174316406,271.7872002363946,276.83182058020486,259.13723499641156,43364700,622000000,167202381042.48047,167.20238104248048,,,,,,,,20.838549,17.980099,2.2584589,5.0441647,,,,-5.267578059463796,Technology,Information Technology Services,Ireland,779000,2023-Q2
ACN,ACCENTURE PLC-CL A,2023-05-01 00:00:00-04:00,2023,2,5,294.5469055175781,268.7143409192374,307.0539703001918,251.95158438603204,61226700,622000000,183208175231.9336,183.20817523193358,,,,,,,,20.838549,17.980099,2.2584589,5.0441647,,,,4.151542194391067,Technology,Information Technology Services,Ireland,779000,2023-Q2
ACN,ACCENTURE PLC-CL A,2023-06-01 00:00:00-04:00,2023,2,6,297.1080017089844,294.36397880373033,315.7386384859609,284.99569749402394,62201300,622000000,184801177062.98828,184.80117706298827,,,,,,,,20.838549,17.980099,2.2584589,5.0441647,,,,12.931226179126366,Technology,Information Technology Services,Ireland,779000,2023-Q2
ACN,ACCENTURE PLC-CL A,2023-07-01 00:00:00-04:00,2023,3,7,304.58917236328125,296.5495915217182,312.1377038942333,292.813832225938,36727500,622000000,189454465209.96094,189.45446520996094,,,,,,,,20.838549,17.980099,2.2584589,5.0441647,,,,4.959430243016816,Technology,Information Technology Services,Ireland,779000,2023-Q3
ACN,ACCENTURE PLC-CL A,2023-08-01 00:00:00-04:00,2023,3,8,312.8646545410156,304.8152415018314,315.2418171896696,291.1611684057072,35907900,622000000,194601815124.51172,194.60181512451172,,,,,,,,20.838549,17.980099,2.2584589,5.0441647,,,,14.058122982458965,Technology,Information Technology Services,Ireland,779000,2023-Q3
ACN,ACCENTURE PLC-CL A,2023-09-01 00:00:00-04:00,2023,3,9,296.76580810546875,315.0678672964428,319.310016060336,284.5708837204738,43343500,622000000,184588332641.60156,184.58833264160157,,,,,,,,20.838549,17.980099,2.2584589,5.0441647,,,,21.291224005340382,Technology,Information Technology Services,Ireland,779000,2023-Q3
ACN,ACCENTURE PLC-CL A,2023-10-01 00:00:00-04:00,2023,4,10,287.08331298828125,297.2103327842855,304.80557551403257,278.7439867793803,41307700,622000000,178565820678.71094,178.56582067871093,,,,,,,,20.838549,17.980099,2.2584589,5.0441647,,,,6.340314245616652,Technology,Information Technology Services,Ireland,779000,2023-Q4
ACN,ACCENTURE PLC-CL A,2023-11-01 00:00:00-04:00,2023,4,11,323.2542419433594,289.3219590043493,325.8352816402344,289.3219590043493,37425400,622000000,201064138488.76953,201.06413848876954,,,,,,,,20.838549,17.980099,2.2584589,5.0441647,,,,12.462329921933325,Technology,Information Technology Services,Ireland,779000,2023-Q4
ACN,ACCENTURE PLC-CL A,2023-12-01 00:00:00-05:00,2023,4,12,340.49688720703125,323.89460433476796,344.83424289816907,322.16742631972767,43708300,622000000,211789063842.77344,211.78906384277343,,,,,,,,20.838549,17.980099,2.2584589,5.0441647,,,,33.595117805407156,Technology,Information Technology Services,Ireland,779000,2023-Q4
ACN,ACCENTURE PLC-CL A,2024-01-01 00:00:00-05:00,2024,1,1,353.0820007324219,337.85759329268797,364.58036230100595,325.05899928041987,43253800,622000000,219617004455.5664,219.61700445556642,,,,,,,,20.838549,17.980099,2.2584589,5.0441647,,,,32.471322932677246,Technology,Information Technology Services,Ireland,779000,2024-Q1
ACN,ACCENTURE PLC-CL A,2024-02-01 00:00:00-05:00,2024,1,2,364.98651123046875,354.4882078035527,370.4596485847449,349.5896494174895,38239200,622000000,227021609985.35156,227.02160998535157,,,,,,,,20.838549,17.980099,2.2584589,5.0441647,,,,43.313142470474176,Technology,Information Technology Services,Ireland,779000,2024-Q1
ACN,ACCENTURE PLC-CL A,2024-03-01 00:00:00-05:00,2024,1,3,337.5525817871094,365.9798086498172,377.38383137479633,321.07474168875206,58986800,622000000,209957705871.58203,209.95770587158202,,,,,,,,20.838549,17.980099,2.2584589,5.0441647,,,,23.145764361873166,Technology,Information Technology Services,Ireland,779000,2024-Q1
ACN,ACCENTURE PLC-CL A,2024-04-01 00:00:00-04:00,2024,2,4,293.04681396484375,335.84832255931934,335.9846784336129,291.8489448468401,66721300,622000000,182275118286.1328,182.27511828613282,16466828000.0,16466.828,5498451000.0,1932183000.0,2630865000.0,2936933000.0,2.767307678900466,20.838549,17.980099,2.2584589,5.0441647,,,,9.014666627159373,Technology,Information Technology Services,Ireland,779000,2024-Q2
ACN,ACCENTURE PLC-CL A,2024-05-01 00:00:00-04:00,2024,2,5,275.97784423828125,293.4189281644465,306.3921927158061,272.4583363080713,65981000,622000000,171658219116.21094,171.65821911621094,16466828000.0,16466.828,5498451000.0,1932183000.0,2630865000.0,2936933000.0,2.606121517699264,20.838549,17.980099,2.2584589,5.0441647,,0.0,,-6.304279872391561,Technology,Information Technology Services,Ireland,779000,2024-Q2
ACN,ACCENTURE PLC-CL A,2024-06-01 00:00:00-04:00,2024,2,6,296.6256103515625,279.94708252672007,310.62541543879234,274.07145946409787,88723400,622000000,184501129638.67188,184.50112963867187,16466828000.0,16466.828,5498451000.0,1932183000.0,2630865000.0,2936933000.0,2.8011030667028263,20.838549,17.980099,2.2584589,5.0441647,,0.0,,-0.1623622906980371,Technology,Information Technology Services,Ireland,779000,2024-Q2
ACN,ACCENTURE PLC-CL A,2024-07-01 00:00:00-04:00,2024,3,7,323.2272033691406,296.9384897473963,328.73131915191743,284.0336349499575,65712200,622000000,201047320495.60547,201.04732049560548,16405819000.0,16405.819,5337456000.0,1684301000.0,2353668000.0,2662666000.0,3.0636587008488494,20.838549,17.980099,2.2584589,5.0441647,,-0.3704963700355668,,6.11907208035285,Technology,Information Technology Services,Ireland,779000,2024-Q3
ACN,ACCENTURE PLC-CL A,2024-08-01 00:00:00-04:00,2024,3,8,335.7699279785156,327.84577040779305,337.6552109159317,304.62320434890637,44490300,622000000,208848895202.63672,208.84889520263673,16405819000.0,16405.819,5337456000.0,1684301000.0,2353668000.0,2662666000.0,3.1825429623878687,20.838549,17.980099,2.2584589,5.0441647,,0.0,-0.3704963700355668,7.321144496524523,Technology,Information Technology Services,Ireland,779000,2024-Q3
ACN,ACCENTURE PLC-CL A,2024-09-01 00:00:00-04:00,2024,3,9,347.0915832519531,335.1906022745938,357.4116161357669,325.87212419063167,50618700,622000000,215890964782.71484,215.89096478271483,16405819000.0,16405.819,5337456000.0,1684301000.0,2353668000.0,2662666000.0,3.289853508421537,20.838549,17.980099,2.2584589,5.0441647,,0.0,-0.3704963700355668,16.95807730269212,Technology,Information Technology Services,Ireland,779000,2024-Q3
ACN,ACCENTURE PLC-CL A,2024-10-01 00:00:00-04:00,2024,4,10,338.5881042480469,348.57428590991066,370.52036222736257,336.4278526771429,53139400,622000000,210601800842.28516,210.60180084228514,17689545000.0,17689.545,5822829000.0,2278894000.0,2948477000.0,3203710000.0,2.976359776951374,20.838549,17.980099,2.2584589,5.0441647,,7.824821180826147,7.425334132353845,17.940712305304917,Technology,Information Technology Services,Ireland,779000,2024-Q4
ACN,ACCENTURE PLC-CL A,2024-11-01 00:00:00-04:00,2024,4,11,357.26922607421875,342.056428061446,366.7636777063434,336.7718605003428,48885100,622000000,222221458618.16406,222.22145861816406,17689545000.0,17689.545,5822829000.0,2278894000.0,2948477000.0,3203710000.0,3.140576236106752,20.838549,17.980099,2.2584589,5.0441647,,0.0,7.824821180826147,10.522672162433523,Technology,Information Technology Services,Ireland,779000,2024-Q4
ACN,ACCENTURE PLC-CL A,2024-12-01 00:00:00-05:00,2024,4,12,346.8381652832031,357.6635900767568,371.6045679857852,341.7409256566947,52321100,622000000,215733338806.15234,215.73333880615235,17689545000.0,17689.545,5822829000.0,2278894000.0,2948477000.0,3203710000.0,3.0488819639814415,20.838549,17.980099,2.2584589,5.0441647,,0.0,7.824821180826147,1.8623600727122769,Technology,Information Technology Services,Ireland,779000,2024-Q4
ACN,ACCENTURE PLC-CL A,2025-01-01 00:00:00-05:00,2025,1,1,379.5313720703125,348.1296935832522,381.5525037890313,339.52256813121284,55371000,622000000,236068513427.73438,236.0685134277344,16659301000.0,16659.301,4974988000.0,1788075000.0,2244714000.0,2714304000.0,3.5425933151056936,20.838549,17.980099,2.2584589,5.0441647,,-5.824027695455136,1.545073732679847,7.4909996213414765,Technology,Information Technology Services,Ireland,779000,2025-Q1
ACN,ACCENTURE PLC-CL A,2025-02-01 00:00:00-05:00,2025,1,2,345.0546569824219,377.37198570098093,394.4118356240868,339.0248676068263,52861100,622000000,214623996643.0664,214.62399664306642,16659301000.0,16659.301,4974988000.0,1788075000.0,2244714000.0,2714304000.0,3.220783342636441,20.838549,17.980099,2.2584589,5.0441647,,0.0,-5.824027695455136,-5.460983799333075,Technology,Information Technology Services,Ireland,779000,2025-Q1
ACN,ACCENTURE PLC-CL A,2025-03-01 00:00:00-05:00,2025,1,3,308.9551086425781,345.9655661268044,348.5101355466269,288.628074193159,89549700,622000000,192170077575.6836,192.1700775756836,16659301000.0,16659.301,4974988000.0,1788075000.0,2244714000.0,2714304000.0,2.883825641539276,20.838549,17.980099,2.2584589,5.0441647,,0.0,-5.824027695455136,-8.472005455602572,Technology,Information Technology Services,Ireland,779000,2025-Q1
ACN,ACCENTURE PLC-CL A,2025-04-01 00:00:00-04:00,2025,2,4,296.1925354003906,308.51946422072825,314.8561864584786,272.2912041280303,77583400,622000000,184231757019.04297,184.23175701904296,17727871000.0,17727.871,5826650000.0,2197501000.0,2982782000.0,3310745000.0,2.5980524821486317,20.838549,17.980099,2.2584589,5.0441647,,6.414254715729073,0.2166590491728293,1.0734535526887745,Technology,Information Technology Services,Ireland,779000,2025-Q2
ACN,ACCENTURE PLC-CL A,2025-05-01 00:00:00-04:00,2025,2,5,315.2433776855469,299.31304046372713,324.08912151546565,297.01453842477207,60929200,622000000,196081380920.41016,196.08138092041017,17727871000.0,17727.871,5826650000.0,2197501000.0,2982782000.0,3310745000.0,2.7651569232482873,20.838549,17.980099,2.2584589,5.0441647,,0.0,6.414254715729073,14.227784681644028,Technology,Information Technology Services,Ireland,779000,2025-Q2
ACN,ACCENTURE PLC-CL A,2025-06-01 00:00:00-04:00,2025,2,6,297.402587890625,312.06922453401336,320.16870001750743,271.8304718459256,72501300,622000000,184984409667.96875,184.98440966796875,17727871000.0,17727.871,5826650000.0,2197501000.0,2982782000.0,3310745000.0,2.6086664561690567,20.838549,17.980099,2.2584589,5.0441647,,0.0,6.414254715729073,0.2619387915094862,Technology,Information Technology Services,Ireland,779000,2025-Q2
ACN,ACCENTURE PLC-CL A,2025-07-01 00:00:00-04:00,2025,3,7,265.7707824707031,296.63640045650396,306.2383711420165,264.80560846271794,78536500,622000000,165309426696.77734,165.30942669677734,,,,,,,,20.838549,17.980099,2.2584589,5.0441647,,0.0,6.414254715729073,-17.775861777580516,Technology,Information Technology Services,Ireland,779000,2025-Q3
ACN,ACCENTURE PLC-CL A,2025-08-01 00:00:00-04:00,2025,3,8,259.9700012207031,264.6300048828125,265.1099853515625,236.6699981689453,97195200,622000000,161701340759.27734,161.70134075927734,,,,,,,,20.838549,17.980099,2.2584589,5.0441647,,0.0,0.0,-22.574959947771912,Technology,Information Technology Services,Ireland,779000,2025-Q3
ACN,ACCENTURE PLC-CL A,2025-09-01 00:00:00-04:00,2025,3,9,246.60000610351562,257.8500061035156,260.3999938964844,229.39999389648438,127828400,622000000,153385203796.38672,153.38520379638672,,,,,,,,20.838549,17.980099,2.2584589,5.0441647,,0.0,0.0,-28.952467301833373,Technology,Information Technology Services,Ireland,779000,2025-Q3
ACN,ACCENTURE PLC-CL A,2025-10-01 00:00:00-04:00,2025,4,10,252.97999572753906,245.25999450683594,253.6699981689453,239.7100067138672,34025343,622000000,157353557342.5293,157.35355734252929,,,,,,,,20.838549,17.980099,2.2584589,5.0441647,,0.0,0.0,-25.28385003679634,Technology,Information Technology Services,Ireland,779000,2025-Q4
