ticker,company_name,date,year,quarter,month,close_price,open_price,high_price,low_price,volume,shares_outstanding,market_cap,market_cap_billions,revenue,revenue_millions,gross_profit,net_income,operating_income,ebitda,ps_ratio,current_pe,forward_pe,current_ps,current_pb,peg_ratio,revenue_qoq_pct,revenue_yoy_pct,market_cap_yoy_pct,user_subscribers_millions,sector,industry,country,employees,year_quarter
ADBE,ADOBE INC,2015-01-01 00:00:00-05:00,2015,1,1,70.12999725341797,72.69999694824219,74.4000015258789,68.9800033569336,44937400,418600000,29356416850.28076,29.356416850280763,,,,,,,,22.026169,17.202919,6.383826,12.614901,,,,,,Technology,Software - Application,United States,30709,2015-Q1
ADBE,ADOBE INC,2015-02-01 00:00:00-05:00,2015,1,2,79.0999984741211,70.44000244140625,80.30000305175781,69.04000091552734,36078200,418600000,33111259361.26709,33.11125936126709,,,,,,,,22.026169,17.202919,6.383826,12.614901,,,,,,Technology,Software - Application,United States,30709,2015-Q1
ADBE,ADOBE INC,2015-03-01 00:00:00-05:00,2015,1,3,73.94000244140625,79.13999938964844,79.98999786376953,72.12000274658203,62751300,418600000,30951285021.972656,30.951285021972655,,,,,,,,22.026169,17.202919,6.383826,12.614901,,,,,,Technology,Software - Application,United States,30709,2015-Q1
ADBE,ADOBE INC,2015-04-01 00:00:00-04:00,2015,2,4,76.05999755859375,73.61000061035156,77.29000091552734,72.77999877929688,43561100,418600000,31838714978.027344,31.838714978027344,,,,,,,,22.026169,17.202919,6.383826,12.614901,,,,,,Technology,Software - Application,United States,30709,2015-Q2
ADBE,ADOBE INC,2015-05-01 00:00:00-04:00,2015,2,5,79.08999633789062,76.29000091552734,80.73999786376953,73.95999908447266,41858000,418600000,33107072467.041016,33.107072467041014,,,,,,,,22.026169,17.202919,6.383826,12.614901,,,,,,Technology,Software - Application,United States,30709,2015-Q2
ADBE,ADOBE INC,2015-06-01 00:00:00-04:00,2015,2,6,81.01000213623047,79.5,84.36000061035156,76.94999694824219,69707100,418600000,33910786894.226074,33.91078689422607,,,,,,,,22.026169,17.202919,6.383826,12.614901,,,,,,Technology,Software - Application,United States,30709,2015-Q2
ADBE,ADOBE INC,2015-07-01 00:00:00-04:00,2015,3,7,81.98999786376953,81.56999969482422,82.81999969482422,78.94000244140625,64725600,418600000,34321013105.773926,34.32101310577393,,,,,,,,22.026169,17.202919,6.383826,12.614901,,,,,,Technology,Software - Application,United States,30709,2015-Q3
ADBE,ADOBE INC,2015-08-01 00:00:00-04:00,2015,3,8,78.56999969482422,82.18000030517578,87.25,71.33000183105469,66487100,418600000,32889401872.253418,32.889401872253416,,,,,,,,22.026169,17.202919,6.383826,12.614901,,,,,,Technology,Software - Application,United States,30709,2015-Q3
ADBE,ADOBE INC,2015-09-01 00:00:00-04:00,2015,3,9,82.22000122070312,77.06999969482422,85.98999786376953,75.54000091552734,87621600,418600000,34417292510.98633,34.41729251098633,,,,,,,,22.026169,17.202919,6.383826,12.614901,,,,,,Technology,Software - Application,United States,30709,2015-Q3
ADBE,ADOBE INC,2015-10-01 00:00:00-04:00,2015,4,10,88.66000366210938,82.41999816894531,89.69999694824219,79.0199966430664,85481100,418600000,37113077532.958984,37.11307753295898,,,,,,,,22.026169,17.202919,6.383826,12.614901,,,,,,Technology,Software - Application,United States,30709,2015-Q4
ADBE,ADOBE INC,2015-11-01 00:00:00-04:00,2015,4,11,91.45999908447266,89.02999877929688,92.66000366210938,88.0,38706000,418600000,38285155616.760254,38.28515561676026,,,,,,,,22.026169,17.202919,6.383826,12.614901,,,,,,Technology,Software - Application,United States,30709,2015-Q4
ADBE,ADOBE INC,2015-12-01 00:00:00-05:00,2015,4,12,93.94000244140625,92.01000213623047,96.41999816894531,88.51000213623047,62890100,418600000,39323285021.97266,39.32328502197266,,,,,,,,22.026169,17.202919,6.383826,12.614901,,,,,,Technology,Software - Application,United States,30709,2015-Q4
ADBE,ADOBE INC,2016-01-01 00:00:00-05:00,2016,1,1,89.12999725341797,91.7699966430664,92.8499984741211,82.69999694824219,64430000,418600000,37309816850.28076,37.30981685028076,,,,,,,,22.026169,17.202919,6.383826,12.614901,,,,27.092543482274255,,Technology,Software - Application,United States,30709,2016-Q1
ADBE,ADOBE INC,2016-02-01 00:00:00-05:00,2016,1,2,85.1500015258789,88.16000366210938,90.23999786376953,71.2699966430664,94742000,418600000,35643790638.73291,35.64379063873291,,,,,,,,22.026169,17.202919,6.383826,12.614901,,,,7.648550149766664,,Technology,Software - Application,United States,30709,2016-Q1
ADBE,ADOBE INC,2016-03-01 00:00:00-05:00,2016,1,3,93.80000305175781,85.91999816894531,98.0,83.16999816894531,92260100,418600000,39264681277.46582,39.26468127746582,,,,,,,,22.026169,17.202919,6.383826,12.614901,,,,26.859615843385477,,Technology,Software - Application,United States,30709,2016-Q1
ADBE,ADOBE INC,2016-04-01 00:00:00-04:00,2016,2,4,94.22000122070312,93.33000183105469,97.69000244140625,92.22000122070312,51711500,418600000,39440492510.98633,39.44049251098633,,,,,,,,22.026169,17.202919,6.383826,12.614901,,,,23.875893038412997,,Technology,Software - Application,United States,30709,2016-Q2
ADBE,ADOBE INC,2016-05-01 00:00:00-04:00,2016,2,5,99.47000122070312,94.29000091552734,100.55999755859375,92.55000305175781,41951100,418600000,41638142510.98633,41.63814251098633,,,,,,,,22.026169,17.202919,6.383826,12.614901,,,,25.76811964403747,,Technology,Software - Application,United States,30709,2016-Q2
ADBE,ADOBE INC,2016-06-01 00:00:00-04:00,2016,2,6,95.79000091552734,99.23999786376953,100.4000015258789,90.3499984741211,70861700,418600000,40097694383.239746,40.09769438323975,,,,,,,,22.026169,17.202919,6.383826,12.614901,,,,18.244659164978284,,Technology,Software - Application,United States,30709,2016-Q2
ADBE,ADOBE INC,2016-07-01 00:00:00-04:00,2016,3,7,97.86000061035156,95.04000091552734,98.88999938964844,94.05999755859375,38601400,418600000,40964196255.493164,40.964196255493164,,,,,,,,22.026169,17.202919,6.383826,12.614901,,,,19.356022880926083,,Technology,Software - Application,United States,30709,2016-Q3
ADBE,ADOBE INC,2016-08-01 00:00:00-04:00,2016,3,8,102.30999755859375,97.75,102.75,95.41999816894531,37652700,418600000,42826964978.02734,42.82696497802734,,,,,,,,22.026169,17.202919,6.383826,12.614901,,,,30.21509221837684,,Technology,Software - Application,United States,30709,2016-Q3
ADBE,ADOBE INC,2016-09-01 00:00:00-04:00,2016,3,9,108.54000091552734,102.2300033569336,109.76000213623047,97.87000274658203,65681300,418600000,45434844383.239746,45.43484438323975,,,,,,,,22.026169,17.202919,6.383826,12.614901,,,,32.01167514480261,,Technology,Software - Application,United States,30709,2016-Q3
ADBE,ADOBE INC,2016-10-01 00:00:00-04:00,2016,4,10,107.51000213623047,108.41000366210938,111.08999633789062,106.52999877929688,35130100,418600000,45003686894.226074,45.00368689422607,,,,,,,,22.026169,17.202919,6.383826,12.614901,,,,21.260994468215898,,Technology,Software - Application,United States,30709,2016-Q4
ADBE,ADOBE INC,2016-11-01 00:00:00-04:00,2016,4,11,102.80999755859375,107.79000091552734,109.16000366210938,101.66000366210938,57237800,418600000,43036264978.02734,43.03626497802735,,,,,,,,22.026169,17.202919,6.383826,12.614901,,,,12.409795088274823,,Technology,Software - Application,United States,30709,2016-Q4
ADBE,ADOBE INC,2016-12-01 00:00:00-05:00,2016,4,12,102.94999694824219,102.81999969482422,107.80000305175781,98.0,61818500,418600000,43094868722.53418,43.09486872253418,,,,,,,,22.026169,17.202919,6.383826,12.614901,,,,9.591222346897199,,Technology,Software - Application,United States,30709,2016-Q4
ADBE,ADOBE INC,2017-01-01 00:00:00-05:00,2017,1,1,113.37999725341797,103.43000030517578,114.56999969482422,102.80999755859375,49108400,418600000,47460866850.28076,47.46086685028076,,,,,,,,22.026169,17.202919,6.383826,12.614901,,,,27.20745063084815,,Technology,Software - Application,United States,30709,2017-Q1
ADBE,ADOBE INC,2017-02-01 00:00:00-05:00,2017,1,2,118.33999633789062,113.30999755859375,120.16999816894531,112.2699966430664,38522300,418600000,49537122467.041016,49.537122467041016,,,,,,,,22.026169,17.202919,6.383826,12.614901,,,,38.97826684351211,,Technology,Software - Application,United States,30709,2017-Q1
ADBE,ADOBE INC,2017-03-01 00:00:00-05:00,2017,1,3,130.1300048828125,119.23999786376953,130.69000244140625,118.37999725341797,61396600,418600000,54472420043.94531,54.47242004394531,,,,,,,,22.026169,17.202919,6.383826,12.614901,,,,38.731343975552115,,Technology,Software - Application,United States,30709,2017-Q1
ADBE,ADOBE INC,2017-04-01 00:00:00-04:00,2017,2,4,133.74000549316406,129.58999633789062,134.25,128.2100067138672,38277400,418600000,55983566299.43848,55.98356629943848,,,,,,,,22.026169,17.202919,6.383826,12.614901,,,,41.94438947192154,,Technology,Software - Application,United States,30709,2017-Q2
ADBE,ADOBE INC,2017-05-01 00:00:00-04:00,2017,2,5,141.86000061035156,134.3000030517578,143.47999572753906,130.82000732421875,49212200,418600000,59382596255.493164,59.38259625549316,,,,,,,,22.026169,17.202919,6.383826,12.614901,,,,42.61586294303334,,Technology,Software - Application,United States,30709,2017-Q2
ADBE,ADOBE INC,2017-06-01 00:00:00-04:00,2017,2,6,141.44000244140625,141.63999938964844,147.4499969482422,131.1999969482422,75838300,418600000,59206785021.97266,59.20678502197266,,,,,,,,22.026169,17.202919,6.383826,12.614901,,,,47.65633269607699,,Technology,Software - Application,United States,30709,2017-Q2
ADBE,ADOBE INC,2017-07-01 00:00:00-04:00,2017,3,7,146.49000549316406,141.72999572753906,150.39999389648438,138.30999755859375,35499400,418600000,61320716299.43848,61.32071629943847,,,,,,,,22.026169,17.202919,6.383826,12.614901,,,,49.69344428725504,,Technology,Software - Application,United States,30709,2017-Q3
ADBE,ADOBE INC,2017-08-01 00:00:00-04:00,2017,3,8,155.16000366210938,147.47999572753906,155.36000061035156,144.17999267578125,34444400,418600000,64949977532.958984,64.94997753295898,,,,,,,,22.026169,17.202919,6.383826,12.614901,,,,51.65673674583757,,Technology,Software - Application,United States,30709,2017-Q3
ADBE,ADOBE INC,2017-09-01 00:00:00-04:00,2017,3,9,149.17999267578125,155.75999450683594,157.88999938964844,143.9499969482422,55085000,418600000,62446744934.08203,62.446744934082034,,,,,,,,22.026169,17.202919,6.383826,12.614901,,,,37.44240963465857,,Technology,Software - Application,United States,30709,2017-Q3
ADBE,ADOBE INC,2017-10-01 00:00:00-04:00,2017,4,10,175.16000366210938,149.7899932861328,177.5800018310547,146.60000610351562,73794000,418600000,73321977532.95898,73.32197753295898,,,,,,,,22.026169,17.202919,6.383826,12.614901,,,,62.924379296501854,,Technology,Software - Application,United States,30709,2017-Q4
ADBE,ADOBE INC,2017-11-01 00:00:00-04:00,2017,4,11,181.47000122070312,176.58999633789062,186.27000427246094,174.6999969482422,43738500,418600000,75963342510.98633,75.96334251098632,,,,,,,,22.026169,17.202919,6.383826,12.614901,,,,76.51007249297837,,Technology,Software - Application,United States,30709,2017-Q4
ADBE,ADOBE INC,2017-12-01 00:00:00-05:00,2017,4,12,175.24000549316406,179.50999450683594,182.0,165.67999267578125,64957400,418600000,73355466299.43848,73.35546629943848,,,,,,,,22.026169,17.202919,6.383826,12.614901,,,,70.21856307704941,,Technology,Software - Application,United States,30709,2017-Q4
ADBE,ADOBE INC,2018-01-01 00:00:00-05:00,2018,1,1,199.75999450683594,175.85000610351562,204.4499969482422,175.25999450683594,55307100,418600000,83619533700.56152,83.61953370056152,,,,,,,,22.026169,17.202919,6.383826,12.614901,,,,76.18627566231832,,Technology,Software - Application,United States,30709,2018-Q1
ADBE,ADOBE INC,2018-02-01 00:00:00-05:00,2018,1,2,209.1300048828125,199.1199951171875,213.44000244140625,179.33999633789062,51744400,418600000,87541820043.94531,87.54182004394531,,,,,,,,22.026169,17.202919,6.383826,12.614901,,,,76.71963102457215,,Technology,Software - Application,United States,30709,2018-Q1
ADBE,ADOBE INC,2018-03-01 00:00:00-05:00,2018,1,3,216.0800018310547,210.32000732421875,231.33999633789062,201.75999450683594,80346400,418600000,90451088766.47949,90.45108876647949,,,,,,,,22.026169,17.202919,6.383826,12.614901,,,,66.04933045660279,,Technology,Software - Application,United States,30709,2018-Q1
ADBE,ADOBE INC,2018-04-01 00:00:00-04:00,2018,2,4,221.60000610351562,214.80999755859375,233.1699981689453,207.22000122070312,56221000,418600000,92761762554.93164,92.76176255493164,,,,,,,,22.026169,17.202919,6.383826,12.614901,,,,65.6946291323746,,Technology,Software - Application,United States,30709,2018-Q2
ADBE,ADOBE INC,2018-05-01 00:00:00-04:00,2018,2,5,249.27999877929688,220.77000427246094,251.52000427246094,218.74000549316406,50387700,418600000,104348607489.01367,104.34860748901367,,,,,,,,22.026169,17.202919,6.383826,12.614901,,,,75.72254173605779,,Technology,Software - Application,United States,30709,2018-Q2
ADBE,ADOBE INC,2018-06-01 00:00:00-04:00,2018,2,6,243.80999755859375,250.5500030517578,258.9100036621094,235.8699951171875,77869600,418600000,102058864978.02734,102.05886497802734,,,,,,,,22.026169,17.202919,6.383826,12.614901,,,,72.37697493649004,,Technology,Software - Application,United States,30709,2018-Q2
ADBE,ADOBE INC,2018-07-01 00:00:00-04:00,2018,3,7,244.67999267578125,241.0500030517578,263.8299865722656,239.60000610351562,53726000,418600000,102423044934.08203,102.42304493408203,,,,,,,,22.026169,17.202919,6.383826,12.614901,,,,67.02845484376694,,Technology,Software - Application,United States,30709,2018-Q3
ADBE,ADOBE INC,2018-08-01 00:00:00-04:00,2018,3,8,263.510009765625,245.0,269.9599914550781,243.7100067138672,54731400,418600000,110305290087.89062,110.30529008789063,,,,,,,,22.026169,17.202919,6.383826,12.614901,,,,69.8311443324457,,Technology,Software - Application,United States,30709,2018-Q3
ADBE,ADOBE INC,2018-09-01 00:00:00-04:00,2018,3,9,269.95001220703125,263.6700134277344,277.6099853515625,254.5399932861328,60666000,418600000,113001075109.86328,113.00107510986328,,,,,,,,22.026169,17.202919,6.383826,12.614901,,,,80.95590927781062,,Technology,Software - Application,United States,30709,2018-Q3
ADBE,ADOBE INC,2018-10-01 00:00:00-04:00,2018,4,10,245.75999450683594,271.760009765625,277.0299987792969,231.6999969482422,106809200,418600000,102875133700.56152,102.87513370056152,,,,,,,,22.026169,17.202919,6.383826,12.614901,,,,40.30599986793604,,Technology,Software - Application,United States,30709,2018-Q4
ADBE,ADOBE INC,2018-11-01 00:00:00-04:00,2018,4,11,250.88999938964844,245.69000244140625,254.1300048828125,207.02000427246094,81375200,418600000,105022553744.50684,105.02255374450684,,,,,,,,22.026169,17.202919,6.383826,12.614901,,,,38.25425563562816,,Technology,Software - Application,United States,30709,2018-Q4
ADBE,ADOBE INC,2018-12-01 00:00:00-05:00,2018,4,12,226.24000549316406,260.7099914550781,260.7200012207031,204.9499969482422,96434700,418600000,94704066299.43848,94.70406629943848,,,,,,,,22.026169,17.202919,6.383826,12.614901,,,,29.10294362093562,,Technology,Software - Application,United States,30709,2018-Q4
ADBE,ADOBE INC,2019-01-01 00:00:00-05:00,2019,1,1,247.82000732421875,219.91000366210938,250.67999267578125,215.14999389648438,68179500,418600000,103737455065.91797,103.73745506591797,,,,,,,,22.026169,17.202919,6.383826,12.614901,,,,24.058877722755522,,Technology,Software - Application,United States,30709,2019-Q1
ADBE,ADOBE INC,2019-02-01 00:00:00-05:00,2019,1,2,262.5,247.82000732421875,266.239990234375,246.10000610351562,51021600,418600000,109882500000.0,109.8825,,,,,,,,22.026169,17.202919,6.383826,12.614901,,,,25.520008545447006,,Technology,Software - Application,United States,30709,2019-Q1
ADBE,ADOBE INC,2019-03-01 00:00:00-05:00,2019,1,3,266.489990234375,265.75,269.79998779296875,249.10000610351562,71777300,418600000,111552709912.10938,111.55270991210938,,,,,,,,22.026169,17.202919,6.383826,12.614901,,,,23.32931690862077,,Technology,Software - Application,United States,30709,2019-Q1
ADBE,ADOBE INC,2019-04-01 00:00:00-04:00,2019,2,4,289.25,269.8500061035156,291.7099914550781,263.7200012207031,46806300,418600000,121080050000.0,121.08005,,,,,,,,22.026169,17.202919,6.383826,12.614901,,,,30.52797474422593,,Technology,Software - Application,United States,30709,2019-Q2
ADBE,ADOBE INC,2019-05-01 00:00:00-04:00,2019,2,5,270.8999938964844,291.0,291.0,267.2200012207031,49495900,418600000,113398737445.06836,113.39873744506836,,,,,,,,22.026169,17.202919,6.383826,12.614901,,,,8.672976260854771,,Technology,Software - Application,United States,30709,2019-Q2
ADBE,ADOBE INC,2019-06-01 00:00:00-04:00,2019,2,6,294.6499938964844,270.510009765625,304.0,257.4599914550781,67824600,418600000,123340487445.06836,123.34048744506836,,,,,,,,22.026169,17.202919,6.383826,12.614901,,,,20.852301729617338,,Technology,Software - Application,United States,30709,2019-Q2
ADBE,ADOBE INC,2019-07-01 00:00:00-04:00,2019,3,7,298.8599853515625,299.54998779296875,313.1099853515625,295.1099853515625,42485400,418600000,125102789868.16406,125.10278986816407,,,,,,,,22.026169,17.202919,6.383826,12.614901,,,,22.143205124079635,,Technology,Software - Application,United States,30709,2019-Q3
ADBE,ADOBE INC,2019-08-01 00:00:00-04:00,2019,3,8,284.510009765625,299.1499938964844,304.989990234375,276.7799987792969,50861900,418600000,119095890087.89062,119.09589008789062,,,,,,,,22.026169,17.202919,6.383826,12.614901,,,,7.969336731715848,,Technology,Software - Application,United States,30709,2019-Q3
ADBE,ADOBE INC,2019-09-01 00:00:00-04:00,2019,3,9,276.25,284.25,289.5899963378906,267.7300109863281,65687900,418600000,115638250000.0,115.63825,,,,,,,,22.026169,17.202919,6.383826,12.614901,,,,2.333760884640057,,Technology,Software - Application,United States,30709,2019-Q3
ADBE,ADOBE INC,2019-10-01 00:00:00-04:00,2019,4,10,277.92999267578125,278.989990234375,281.510009765625,259.57000732421875,60801100,418600000,116341494934.08203,116.34149493408204,,,,,,,,22.026169,17.202919,6.383826,12.614901,,,,13.090006057943038,,Technology,Software - Application,United States,30709,2019-Q4
ADBE,ADOBE INC,2019-11-01 00:00:00-04:00,2019,4,11,309.5299987792969,279.1400146484375,310.0,276.04998779296875,44658300,418600000,129569257489.01367,129.56925748901367,,,,,,,,22.026169,17.202919,6.383826,12.614901,,,,23.372792671013045,,Technology,Software - Application,United States,30709,2019-Q4
ADBE,ADOBE INC,2019-12-01 00:00:00-05:00,2019,4,12,329.80999755859375,309.2200012207031,332.8800048828125,297.32000732421875,51088000,418600000,138058464978.02734,138.05846497802733,,,,,,,,22.026169,17.202919,6.383826,12.614901,,,,45.77881433465536,,Technology,Software - Application,United States,30709,2019-Q4
ADBE,ADOBE INC,2020-01-01 00:00:00-05:00,2020,1,1,351.1400146484375,330.0,356.82000732421875,328.19000244140625,44249000,418600000,146987210131.83594,146.98721013183595,,,,,,,,22.026169,17.202919,6.383826,12.614901,,,,41.6915520420621,,Technology,Software - Application,United States,30709,2020-Q1
ADBE,ADOBE INC,2020-02-01 00:00:00-05:00,2020,1,2,345.1199951171875,353.4100036621094,386.75,324.0,56911700,418600000,144467229956.0547,144.4672299560547,,,,,,,,22.026169,17.202919,6.383826,12.614901,,,,31.474283854166664,,Technology,Software - Application,United States,30709,2020-Q1
ADBE,ADOBE INC,2020-03-01 00:00:00-05:00,2020,1,3,318.239990234375,349.80999755859375,364.95001220703125,255.1300048828125,126565500,418600000,133215259912.10938,133.2152599121094,,,,,,,,22.026169,17.202919,6.383826,12.614901,,,,19.419115875416736,,Technology,Software - Application,United States,30709,2020-Q1
ADBE,ADOBE INC,2020-04-01 00:00:00-04:00,2020,2,4,353.6400146484375,307.0,356.2300109863281,289.7099914550781,73060300,418600000,148033710131.83594,148.03371013183593,,,,,,,,22.026169,17.202919,6.383826,12.614901,,,,22.261024943280038,,Technology,Software - Application,United States,30709,2020-Q2
ADBE,ADOBE INC,2020-05-01 00:00:00-04:00,2020,2,5,386.6000061035156,347.239990234375,391.2699890136719,340.0,55496700,418600000,161830762554.93164,161.83076255493165,,,,,,,,22.026169,17.202919,6.383826,12.614901,,,,42.70949236390247,,Technology,Software - Application,United States,30709,2020-Q2
ADBE,ADOBE INC,2020-06-01 00:00:00-04:00,2020,2,6,435.30999755859375,387.0799865722656,446.1499938964844,382.0,70630600,418600000,182220764978.02734,182.22076497802735,,,,,,,,22.026169,17.202919,6.383826,12.614901,,,,47.737996462177314,,Technology,Software - Application,United States,30709,2020-Q2
ADBE,ADOBE INC,2020-07-01 00:00:00-04:00,2020,3,7,444.32000732421875,434.79998779296875,470.6099853515625,416.2900085449219,54648000,418600000,185992355065.91797,185.99235506591796,,,,,,,,22.026169,17.202919,6.383826,12.614901,,,,48.67162855594236,,Technology,Software - Application,United States,30709,2020-Q3
ADBE,ADOBE INC,2020-08-01 00:00:00-04:00,2020,3,8,513.3900146484375,449.8399963378906,533.7000122070312,431.5899963378906,54518500,418600000,214905060131.83594,214.90506013183594,,,,,,,,22.026169,17.202919,6.383826,12.614901,,,,80.44708341592633,,Technology,Software - Application,United States,30709,2020-Q3
ADBE,ADOBE INC,2020-09-01 00:00:00-04:00,2020,3,9,490.42999267578125,515.0,536.8800048828125,452.5199890136719,84762100,418600000,205293994934.08203,205.29399493408204,,,,,,,,22.026169,17.202919,6.383826,12.614901,,,,77.5312190681561,,Technology,Software - Application,United States,30709,2020-Q3
ADBE,ADOBE INC,2020-10-01 00:00:00-04:00,2020,4,10,447.1000061035156,497.42999267578125,519.5999755859375,442.510009765625,48077600,418600000,187156062554.93164,187.15606255493165,,,,,,,,22.026169,17.202919,6.383826,12.614901,,,,60.867850856628976,,Technology,Software - Application,United States,30709,2020-Q4
ADBE,ADOBE INC,2020-11-01 00:00:00-04:00,2020,4,11,478.4700012207031,451.0,502.5299987792969,438.94000244140625,53547100,418600000,200287542510.98633,200.28754251098633,,,,,,,,22.026169,17.202919,6.383826,12.614901,,,,54.57952479813273,,Technology,Software - Application,United States,30709,2020-Q4
ADBE,ADOBE INC,2020-12-01 00:00:00-05:00,2020,4,12,500.1199951171875,482.010009765625,506.9200134277344,468.82000732421875,54979100,418600000,209350229956.0547,209.35022995605468,,,,,,,,22.026169,17.202919,6.383826,12.614901,,,,51.63882199427161,,Technology,Software - Application,United States,30709,2020-Q4
ADBE,ADOBE INC,2021-01-01 00:00:00-05:00,2021,1,1,458.7699890136719,500.29998779296875,500.7900085449219,453.3399963378906,57398700,418600000,192041117401.12305,192.04111740112305,,,,,,,,22.026169,17.202919,6.383826,12.614901,,,,30.65158337849756,,Technology,Software - Application,United States,30709,2021-Q1
ADBE,ADOBE INC,2021-02-01 00:00:00-05:00,2021,1,2,459.6700134277344,462.2799987792969,506.510009765625,450.1199951171875,44481400,418600000,192417867620.8496,192.41786762084962,,,,,,,,22.026169,17.202919,6.383826,12.614901,,,,33.19135950719134,,Technology,Software - Application,United States,30709,2021-Q1
ADBE,ADOBE INC,2021-03-01 00:00:00-05:00,2021,1,3,475.3699951171875,465.67999267578125,482.4100036621094,420.7799987792969,75495000,418600000,198989879956.0547,198.9898799560547,,,,,,,,22.026169,17.202919,6.383826,12.614901,,,,49.374688821191384,,Technology,Software - Application,United States,30709,2021-Q1
ADBE,ADOBE INC,2021-04-01 00:00:00-04:00,2021,2,4,508.3399963378906,483.1199951171875,525.4400024414062,480.5,40867600,418600000,212791122467.04102,212.79112246704102,,,,,,,,22.026169,17.202919,6.383826,12.614901,,,,43.745044475027605,,Technology,Software - Application,United States,30709,2021-Q2
ADBE,ADOBE INC,2021-05-01 00:00:00-04:00,2021,2,5,504.5799865722656,510.9700012207031,511.739990234375,468.5,39879500,418600000,211217182379.1504,211.2171823791504,,,,,,,,22.026169,17.202919,6.383826,12.614901,,,,30.517325040382893,,Technology,Software - Application,United States,30709,2021-Q2
ADBE,ADOBE INC,2021-06-01 00:00:00-04:00,2021,2,6,585.6400146484375,504.5400085449219,592.239990234375,487.3399963378906,52698300,418600000,245148910131.83594,245.14891013183595,,,,,,,,22.026169,17.202919,6.383826,12.614901,,,,34.534014365155706,,Technology,Software - Application,United States,30709,2021-Q2
ADBE,ADOBE INC,2021-07-01 00:00:00-04:00,2021,3,7,621.6300048828125,583.3300170898438,631.6400146484375,581.3499755859375,33921000,418600000,260214320043.9453,260.2143200439453,,,,,,,,22.026169,17.202919,6.383826,12.614901,,,,39.905922451340636,,Technology,Software - Application,United States,30709,2021-Q3
ADBE,ADOBE INC,2021-08-01 00:00:00-04:00,2021,3,8,663.7000122070312,625.8699951171875,667.9000244140625,612.9299926757812,28723500,418600000,277824825109.8633,277.8248251098633,,,,,,,,22.026169,17.202919,6.383826,12.614901,,,,29.277935540200172,,Technology,Software - Application,United States,30709,2021-Q3
ADBE,ADOBE INC,2021-09-01 00:00:00-04:00,2021,3,9,575.719970703125,664.510009765625,673.8800048828125,573.239990234375,52671900,418600000,240996379736.32812,240.99637973632812,,,,,,,,22.026169,17.202919,6.383826,12.614901,,,,17.390856860528146,,Technology,Software - Application,United States,30709,2021-Q3
ADBE,ADOBE INC,2021-10-01 00:00:00-04:00,2021,4,10,650.3599853515625,577.52001953125,659.1900024414062,552.1400146484375,44398000,418600000,272240689868.16406,272.24068986816405,,,,,,,,22.026169,17.202919,6.383826,12.614901,,,,45.461860092434605,,Technology,Software - Application,United States,30709,2021-Q4
ADBE,ADOBE INC,2021-11-01 00:00:00-04:00,2021,4,11,669.8499755859375,651.0499877929688,699.5399780273438,634.780029296875,43332600,418600000,280399199780.27344,280.3991997802734,,,,,,,,22.026169,17.202919,6.383826,12.614901,,,,39.99832254414564,,Technology,Software - Application,United States,30709,2021-Q4
ADBE,ADOBE INC,2021-12-01 00:00:00-05:00,2021,4,12,567.0599975585938,676.0,678.780029296875,538.0499877929688,84153000,418600000,237371314978.02734,237.37131497802736,,,,,,,,22.026169,17.202919,6.383826,12.614901,,,,13.384788269807313,,Technology,Software - Application,United States,30709,2021-Q4
ADBE,ADOBE INC,2022-01-01 00:00:00-05:00,2022,1,1,534.2999877929688,566.6500244140625,575.0,480.6199951171875,84110900,418600000,223657974890.13672,223.65797489013673,,,,,,,,22.026169,17.202919,6.383826,12.614901,,,,16.463587546709824,,Technology,Software - Application,United States,30709,2022-Q1
ADBE,ADOBE INC,2022-02-01 00:00:00-05:00,2022,1,2,467.67999267578125,536.0,540.4600219726562,416.80999755859375,70327300,418600000,195770844934.08203,195.77084493408202,,,,,,,,22.026169,17.202919,6.383826,12.614901,,,,1.7425498757939195,,Technology,Software - Application,United States,30709,2022-Q1
ADBE,ADOBE INC,2022-03-01 00:00:00-05:00,2022,1,3,455.6199951171875,468.0,479.2099914550781,407.94000244140625,98677500,418600000,190722529956.0547,190.7225299560547,,,,,,,,22.026169,17.202919,6.383826,12.614901,,,,-4.154658519230114,,Technology,Software - Application,United States,30709,2022-Q1
ADBE,ADOBE INC,2022-04-01 00:00:00-04:00,2022,2,4,395.95001220703125,455.0,473.489990234375,394.6400146484375,54962600,418600000,165744675109.86328,165.7446751098633,,,,,,,,22.026169,17.202919,6.383826,12.614901,,,,-22.10921527727958,,Technology,Software - Application,United States,30709,2022-Q2
ADBE,ADOBE INC,2022-05-01 00:00:00-04:00,2022,2,5,416.4800109863281,397.1300048828125,428.54998779296875,370.2699890136719,72499700,418600000,174338532598.87695,174.33853259887695,,,,,,,,22.026169,17.202919,6.383826,12.614901,,,,-17.46006142344686,,Technology,Software - Application,United States,30709,2022-Q2
ADBE,ADOBE INC,2022-06-01 00:00:00-04:00,2022,2,6,366.05999755859375,428.0,441.8999938964844,338.0,71835200,418600000,153232714978.02734,153.23271497802733,,,,,,,,22.026169,17.202919,6.383826,12.614901,,,,-37.49402561258706,,Technology,Software - Application,United States,30709,2022-Q2
ADBE,ADOBE INC,2022-07-01 00:00:00-04:00,2022,3,7,410.1199951171875,364.17999267578125,414.6199951171875,359.07000732421875,46401300,418600000,171676229956.0547,171.6762299560547,,,,,,,,22.026169,17.202919,6.383826,12.614901,,,,-34.0250644441621,,Technology,Software - Application,United States,30709,2022-Q3
ADBE,ADOBE INC,2022-08-01 00:00:00-04:00,2022,3,8,373.44000244140625,406.510009765625,451.1499938964844,371.05999755859375,51826400,418600000,156321985021.97266,156.32198502197267,,,,,,,,22.026169,17.202919,6.383826,12.614901,,,,-43.73361525192841,,Technology,Software - Application,United States,30709,2022-Q3
ADBE,ADOBE INC,2022-09-01 00:00:00-04:00,2022,3,9,275.20001220703125,371.0,396.3900146484375,274.7300109863281,124381600,418600000,115198725109.86328,115.19872510986328,,,,,,,,22.026169,17.202919,6.383826,12.614901,,,,-52.198981065233795,,Technology,Software - Application,United States,30709,2022-Q3
ADBE,ADOBE INC,2022-10-01 00:00:00-04:00,2022,4,10,318.5,278.2699890136719,330.5799865722656,276.6000061035156,82411600,418600000,133324100000.0,133.3241,,,,,,,,22.026169,17.202919,6.383826,12.614901,,,,-51.02712233628124,,Technology,Software - Application,United States,30709,2022-Q4
ADBE,ADOBE INC,2022-11-01 00:00:00-04:00,2022,4,11,344.92999267578125,321.010009765625,350.9700012207031,278.2300109863281,70803500,418600000,144387694934.08203,144.38769493408202,,,,,,,,22.026169,17.202919,6.383826,12.614901,,,,-48.50638124244748,,Technology,Software - Application,United States,30709,2022-Q4
ADBE,ADOBE INC,2022-12-01 00:00:00-05:00,2022,4,12,336.5299987792969,348.0299987792969,355.6700134277344,324.3500061035156,65103400,418600000,140871457489.01367,140.87145748901366,,,,,,,,22.026169,17.202919,6.383826,12.614901,,,,-40.65354632169702,,Technology,Software - Application,United States,30709,2022-Q4
ADBE,ADOBE INC,2023-01-01 00:00:00-05:00,2023,1,1,370.3399963378906,340.1600036621094,373.4200134277344,322.44000244140625,48869800,418600000,155024322467.04102,155.024322467041,,,,,,,,22.026169,17.202919,6.383826,12.614901,,,,-30.686879131767743,,Technology,Software - Application,United States,30709,2023-Q1
ADBE,ADOBE INC,2023-02-01 00:00:00-05:00,2023,1,2,323.95001220703125,370.010009765625,402.489990234375,318.6000061035156,57466500,418600000,135605475109.86328,135.60547510986328,,,,,,,,22.026169,17.202919,6.383826,12.614901,,,,-30.73254847752076,,Technology,Software - Application,United States,30709,2023-Q1
ADBE,ADOBE INC,2023-03-01 00:00:00-05:00,2023,1,3,385.3699951171875,323.79998779296875,385.7300109863281,321.0,82830400,418600000,161315879956.0547,161.3158799560547,,,,,,,,22.026169,17.202919,6.383826,12.614901,,,,-15.418550711746393,,Technology,Software - Application,United States,30709,2023-Q1
ADBE,ADOBE INC,2023-04-01 00:00:00-04:00,2023,2,4,377.55999755859375,380.8800048828125,386.0,357.25,39098400,418600000,158046614978.02734,158.04661497802735,,,,,,,,22.026169,17.202919,6.383826,12.614901,,,,-4.644529380345586,,Technology,Software - Application,United States,30709,2023-Q2
ADBE,ADOBE INC,2023-05-01 00:00:00-04:00,2023,2,5,417.7900085449219,376.510009765625,432.989990234375,331.8900146484375,86414400,418600000,174886897576.9043,174.8868975769043,,,,,,,,22.026169,17.202919,6.383826,12.614901,,,,0.31454031983224606,,Technology,Software - Application,United States,30709,2023-Q2
ADBE,ADOBE INC,2023-06-01 00:00:00-04:00,2023,2,6,488.989990234375,412.2900085449219,518.739990234375,412.2900085449219,108598900,418600000,204691209912.10938,204.69120991210937,,,,,,,,22.026169,17.202919,6.383826,12.614901,,,,33.58192468329029,,Technology,Software - Application,United States,30709,2023-Q2
ADBE,ADOBE INC,2023-07-01 00:00:00-04:00,2023,3,7,546.1699829101562,486.3900146484375,552.9400024414062,475.0,61166800,418600000,228626754846.1914,228.6267548461914,,,,,,,,22.026169,17.202919,6.383826,12.614901,,,,33.173215013350884,,Technology,Software - Application,United States,30709,2023-Q3
ADBE,ADOBE INC,2023-08-01 00:00:00-04:00,2023,3,8,559.3400268554688,545.780029296875,562.0999755859375,503.8999938964844,51205300,418600000,234139735241.69922,234.1397352416992,,,,,,,,22.026169,17.202919,6.383826,12.614901,,,,49.780426092202234,,Technology,Software - Application,United States,30709,2023-Q3
ADBE,ADOBE INC,2023-09-01 00:00:00-04:00,2023,3,9,509.8999938964844,564.7999877929688,570.239990234375,498.70001220703125,62937800,418600000,213444137445.06836,213.44413744506835,,,,,,,,22.026169,17.202919,6.383826,12.614901,,,,85.28341979610443,,Technology,Software - Application,United States,30709,2023-Q3
ADBE,ADOBE INC,2023-10-01 00:00:00-04:00,2023,4,10,532.0599975585938,508.239990234375,574.4000244140625,504.54998779296875,55822600,418600000,222720314978.02734,222.72031497802735,,,,,,,,22.026169,17.202919,6.383826,12.614901,,,,67.05180457098704,,Technology,Software - Application,United States,30709,2023-Q4
ADBE,ADOBE INC,2023-11-01 00:00:00-04:00,2023,4,11,611.010009765625,535.0,628.5999755859375,534.0,52919300,418600000,255768790087.89062,255.76879008789064,,,,,,,,22.026169,17.202919,6.383826,12.614901,,,,77.14029592664244,,Technology,Software - Application,United States,30709,2023-Q4
ADBE,ADOBE INC,2023-12-01 00:00:00-05:00,2023,4,12,596.5999755859375,609.239990234375,633.8900146484375,578.2000122070312,70834700,418600000,249736749780.27344,249.73674978027344,,,,,,,,22.026169,17.202919,6.383826,12.614901,,,,77.27987928267868,,Technology,Software - Application,United States,30709,2023-Q4
ADBE,ADOBE INC,2024-01-01 00:00:00-05:00,2024,1,1,617.780029296875,589.510009765625,636.25,563.3400268554688,55343900,418600000,258602720263.67188,258.60272026367187,,,,,,,,22.026169,17.202919,6.383826,12.614901,,,,66.81428833120826,50.0,Technology,Software - Application,United States,30709,2024-Q1
ADBE,ADOBE INC,2024-02-01 00:00:00-05:00,2024,1,2,560.280029296875,619.0,638.25,528.010009765625,71222500,418600000,234533220263.67188,234.53322026367186,,,,,,,,22.026169,17.202919,6.383826,12.614901,,,,72.95261867093525,50.0,Technology,Software - Application,United States,30709,2024-Q1
ADBE,ADOBE INC,2024-03-01 00:00:00-05:00,2024,1,3,504.6000061035156,561.1099853515625,585.3499755859375,485.0,98006700,418600000,211225562554.93164,211.22556255493163,,,,,,,,22.026169,17.202919,6.383826,12.614901,,,,30.939100733587566,50.0,Technology,Software - Application,United States,30709,2024-Q1
ADBE,ADOBE INC,2024-04-01 00:00:00-04:00,2024,2,4,462.8299865722656,504.989990234375,506.9200134277344,462.2799987792969,64951200,418600000,193740632379.1504,193.74063237915038,,,,,,,,22.026169,17.202919,6.383826,12.614901,,,,22.584487118617158,,Technology,Software - Application,United States,30709,2024-Q2
ADBE,ADOBE INC,2024-05-01 00:00:00-04:00,2024,2,5,444.760009765625,461.1199951171875,496.760009765625,433.9700012207031,63591400,418600000,186176540087.89062,186.17654008789063,,,,,,,,22.026169,17.202919,6.383826,12.614901,,,,6.455396411856329,,Technology,Software - Application,United States,30709,2024-Q2
ADBE,ADOBE INC,2024-06-01 00:00:00-04:00,2024,2,6,555.5399780273438,447.5799865722656,558.47998046875,436.5799865722656,92008000,418600000,232549034802.2461,232.5490348022461,,,,,,,,22.026169,17.202919,6.383826,12.614901,,,,13.609683045060095,,Technology,Software - Application,United States,30709,2024-Q2
ADBE,ADOBE INC,2024-07-01 00:00:00-04:00,2024,3,7,551.6500244140625,551.3699951171875,580.5499877929688,527.5900268554688,51420600,418600000,230920700219.72656,230.92070021972657,5408000000.0,5408.0,4854000000.0,1684000000.0,1992000000.0,2306000000.0,10.674958405127892,22.026169,17.202919,6.383826,12.614901,,,,1.0033582356003823,,Technology,Software - Application,United States,30709,2024-Q3
ADBE,ADOBE INC,2024-08-01 00:00:00-04:00,2024,3,8,574.4099731445312,549.989990234375,578.4000244140625,500.0,41274200,418600000,240448014758.30078,240.4480147583008,5408000000.0,5408.0,4854000000.0,1684000000.0,1992000000.0,2306000000.0,11.11538529762855,22.026169,17.202919,6.383826,12.614901,,0.0,,2.6942370589467135,,Technology,Software - Application,United States,30709,2024-Q3
ADBE,ADOBE INC,2024-09-01 00:00:00-04:00,2024,3,9,517.780029296875,576.2999877929688,587.75,506.489990234375,71523600,418600000,216742720263.67188,216.74272026367188,5408000000.0,5408.0,4854000000.0,1684000000.0,1992000000.0,2306000000.0,10.019541432307317,22.026169,17.202919,6.383826,12.614901,,0.0,,1.5454080201441123,,Technology,Software - Application,United States,30709,2024-Q3
ADBE,ADOBE INC,2024-10-01 00:00:00-04:00,2024,4,10,478.0799865722656,517.4500122070312,519.0,477.3800048828125,61014000,418600000,200124282379.1504,200.1242823791504,5606000000.0,5606.0,4990000000.0,1683000000.0,1957000000.0,2259000000.0,8.924557722937495,22.026169,17.202919,6.383826,12.614901,,3.6612426035502965,,-10.145474426572266,,Technology,Software - Application,United States,30709,2024-Q4
ADBE,ADOBE INC,2024-11-01 00:00:00-04:00,2024,4,11,515.9299926757812,475.4100036621094,539.9199829101562,475.04998779296875,53600000,418600000,215968294934.08203,215.96829493408202,5606000000.0,5606.0,4990000000.0,1683000000.0,1957000000.0,2259000000.0,9.631122678116395,22.026169,17.202919,6.383826,12.614901,,0.0,3.6612426035502965,-15.56112266087345,,Technology,Software - Application,United States,30709,2024-Q4
ADBE,ADOBE INC,2024-12-01 00:00:00-05:00,2024,4,12,444.67999267578125,512.8499755859375,557.9000244140625,432.4700012207031,105644000,418600000,186143044934.08203,186.14304493408204,5606000000.0,5606.0,4990000000.0,1683000000.0,1957000000.0,2259000000.0,8.301063366664378,22.026169,17.202919,6.383826,12.614901,,0.0,3.6612426035502965,-25.46429586440251,,Technology,Software - Application,United States,30709,2024-Q4
ADBE,ADOBE INC,2025-01-01 00:00:00-05:00,2025,1,1,437.45001220703125,447.760009765625,450.1199951171875,403.75,80058700,418600000,183116575109.86328,183.11657510986328,5714000000.0,5714.0,5092000000.0,1811000000.0,2163000000.0,2461000000.0,8.011750748593949,22.026169,17.202919,6.383826,12.614901,,1.9265073135925848,5.658284023668636,-29.190004295717674,100.0,Technology,Software - Application,United States,30709,2025-Q1
ADBE,ADOBE INC,2025-02-01 00:00:00-05:00,2025,1,2,438.55999755859375,437.79998779296875,465.70001220703125,430.8800048828125,55423600,418600000,183581214978.02734,183.58121497802733,5714000000.0,5714.0,5092000000.0,1811000000.0,2163000000.0,2461000000.0,8.03207975927666,22.026169,17.202919,6.383826,12.614901,,0.0,1.9265073135925848,-21.724856388515956,100.0,Technology,Software - Application,United States,30709,2025-Q1
ADBE,ADOBE INC,2025-03-01 00:00:00-05:00,2025,1,3,383.5299987792969,440.6499938964844,453.260009765625,374.5,94251600,418600000,160545657489.01367,160.54565748901368,5714000000.0,5714.0,5092000000.0,1811000000.0,2163000000.0,2461000000.0,7.024223726330665,22.026169,17.202919,6.383826,12.614901,,0.0,1.9265073135925848,-23.993263150968325,100.0,Technology,Software - Application,United States,30709,2025-Q1
ADBE,ADOBE INC,2025-04-01 00:00:00-04:00,2025,2,4,374.9800109863281,381.1300048828125,388.0,332.010009765625,89658900,418600000,156966632598.87695,156.96663259887694,5873000000.0,5873.0,5235000000.0,1691000000.0,2109000000.0,2378000000.0,6.681705797670567,22.026169,17.202919,6.383826,12.614901,,2.782639131956599,4.762754191937213,-18.981046633680187,,Technology,Software - Application,United States,30709,2025-Q2
ADBE,ADOBE INC,2025-05-01 00:00:00-04:00,2025,2,5,415.0899963378906,378.29998779296875,422.95001220703125,374.07000732421875,57082300,418600000,173756672467.04102,173.75667246704103,5873000000.0,5873.0,5235000000.0,1691000000.0,2109000000.0,2378000000.0,7.396418885877789,22.026169,17.202919,6.383826,12.614901,,0.0,2.782639131956599,-6.671016452978673,,Technology,Software - Application,United States,30709,2025-Q2
ADBE,ADOBE INC,2025-06-01 00:00:00-04:00,2025,2,6,386.8800048828125,408.8800048828125,421.4800109863281,373.760009765625,90974100,418600000,161947970043.9453,161.9479700439453,5873000000.0,5873.0,5235000000.0,1691000000.0,2109000000.0,2378000000.0,6.8937497890322375,22.026169,17.202919,6.383826,12.614901,,0.0,2.782639131956599,-30.359646436863596,,Technology,Software - Application,United States,30709,2025-Q2
ADBE,ADOBE INC,2025-07-01 00:00:00-04:00,2025,3,7,357.69000244140625,385.1000061035156,392.5799865722656,354.2699890136719,75671700,418600000,149729035021.97266,149.72903502197266,5988000000.0,5988.0,5346000000.0,1772000000.0,2173000000.0,2462000000.0,6.251212217016226,22.026169,17.202919,6.383826,12.614901,,1.9581134003064937,4.7952397619881015,-35.1599770486137,,Technology,Software - Application,United States,30709,2025-Q3
ADBE,ADOBE INC,2025-08-01 00:00:00-04:00,2025,3,8,356.70001220703125,355.95001220703125,364.6499938964844,330.0400085449219,75961800,418600000,149314625109.86328,149.31462510986327,5988000000.0,5988.0,5346000000.0,1772000000.0,2173000000.0,2462000000.0,6.233910533978928,22.026169,17.202919,6.383826,12.614901,,0.0,1.9581134003064937,-37.901493900893755,,Technology,Software - Application,United States,30709,2025-Q3
ADBE,ADOBE INC,2025-09-01 00:00:00-04:00,2025,3,9,352.75,350.239990234375,370.8599853515625,331.5,119605000,418600000,147661150000.0,147.66115,5988000000.0,5988.0,5346000000.0,1772000000.0,2173000000.0,2462000000.0,6.164877672010688,22.026169,17.202919,6.383826,12.614901,,0.0,1.9581134003064937,-31.87261384356197,,Technology,Software - Application,United States,30709,2025-Q3
ADBE,ADOBE INC,2025-10-01 00:00:00-04:00,2025,4,10,353.5199890136719,347.1600036621094,360.19000244140625,327.5,69419152,418600000,147983467401.12305,147.98346740112305,,,,,,,,22.026169,17.202919,6.383826,12.614901,,0.0,1.9581134003064937,-26.054217088580323,,Technology,Software - Application,United States,30709,2025-Q4
