ticker,company_name,date,year,quarter,month,close_price,open_price,high_price,low_price,volume,shares_outstanding,market_cap,market_cap_billions,revenue,revenue_millions,gross_profit,net_income,operating_income,ebitda,ps_ratio,current_pe,forward_pe,current_ps,current_pb,peg_ratio,revenue_qoq_pct,revenue_yoy_pct,market_cap_yoy_pct,sector,industry,country,employees,year_quarter
AMBA,AMBARELLA INC,2015-01-01 00:00:00-05:00,2015,1,1,55.310001373291016,52.0,63.20000076293945,48.869998931884766,37627400,42689006,2361128980.4844284,2.361128980484428,,,,,,,,,-472.38885,10.429064,6.1894016,,,,,Technology,Semiconductor Equipment & Materials,United States,941,2015-Q1
AMBA,AMBARELLA INC,2015-02-01 00:00:00-05:00,2015,1,2,57.38999938964844,55.5,59.9900016784668,48.5,32080600,42689006,2449922028.2846985,2.4499220282846985,,,,,,,,,-472.38885,10.429064,6.1894016,,,,,Technology,Semiconductor Equipment & Materials,United States,941,2015-Q1
AMBA,AMBARELLA INC,2015-03-01 00:00:00-05:00,2015,1,3,75.70999908447266,58.25,77.38999938964844,58.04999923706055,52286800,42689006,3231984605.1770477,3.2319846051770478,,,,,,,,,-472.38885,10.429064,6.1894016,,,,,Technology,Semiconductor Equipment & Materials,United States,941,2015-Q1
AMBA,AMBARELLA INC,2015-04-01 00:00:00-04:00,2015,2,4,73.1500015258789,74.7300033569336,76.98999786376953,68.30000305175781,20030200,42689006,3122700854.038254,3.122700854038254,,,,,,,,,-472.38885,10.429064,6.1894016,,,,,Technology,Semiconductor Equipment & Materials,United States,941,2015-Q2
AMBA,AMBARELLA INC,2015-05-01 00:00:00-04:00,2015,2,5,90.20999908447266,73.33999633789062,91.83999633789062,70.38999938964844,29606900,42689006,3850975192.1770477,3.8509751921770476,,,,,,,,,-472.38885,10.429064,6.1894016,,,,,Technology,Semiconductor Equipment & Materials,United States,941,2015-Q2
AMBA,AMBARELLA INC,2015-06-01 00:00:00-04:00,2015,2,6,102.69000244140625,90.97000122070312,128.05999755859375,90.2699966430664,136718700,42689006,4383734130.361206,4.383734130361206,,,,,,,,,-472.38885,10.429064,6.1894016,,,,,Technology,Semiconductor Equipment & Materials,United States,941,2015-Q2
AMBA,AMBARELLA INC,2015-07-01 00:00:00-04:00,2015,3,7,115.87000274658203,104.87000274658203,129.19000244140625,96.05999755859375,70046700,42689006,4946375242.468857,4.946375242468857,,,,,,,,,-472.38885,10.429064,6.1894016,,,,,Technology,Semiconductor Equipment & Materials,United States,941,2015-Q3
AMBA,AMBARELLA INC,2015-08-01 00:00:00-04:00,2015,3,8,95.62999725341797,116.0,119.98999786376953,71.0,60609500,42689006,4082349526.531143,4.082349526531143,,,,,,,,,-472.38885,10.429064,6.1894016,,,,,Technology,Semiconductor Equipment & Materials,United States,941,2015-Q3
AMBA,AMBARELLA INC,2015-09-01 00:00:00-04:00,2015,3,9,57.790000915527344,90.77999877929688,93.4800033569336,53.7599983215332,88383600,42689006,2466997695.8229523,2.4669976958229523,,,,,,,,,-472.38885,10.429064,6.1894016,,,,,Technology,Semiconductor Equipment & Materials,United States,941,2015-Q3
AMBA,AMBARELLA INC,2015-10-01 00:00:00-04:00,2015,4,10,49.439998626708984,57.70000076293945,62.720001220703125,49.0,43200300,42689006,2110544398.0155716,2.1105443980155716,,,,,,,,,-472.38885,10.429064,6.1894016,,,,,Technology,Semiconductor Equipment & Materials,United States,941,2015-Q4
AMBA,AMBARELLA INC,2015-11-01 00:00:00-04:00,2015,4,11,62.810001373291016,49.869998931884766,64.2699966430664,48.7599983215332,43758600,42689006,2681296525.4844284,2.6812965254844285,,,,,,,,,-472.38885,10.429064,6.1894016,,,,,Technology,Semiconductor Equipment & Materials,United States,941,2015-Q4
AMBA,AMBARELLA INC,2015-12-01 00:00:00-05:00,2015,4,12,55.7400016784668,63.5,64.94999694824219,53.5,50576900,42689006,2379485266.092079,2.3794852660920793,,,,,,,,,-472.38885,10.429064,6.1894016,,,,,Technology,Semiconductor Equipment & Materials,United States,941,2015-Q4
AMBA,AMBARELLA INC,2016-01-01 00:00:00-05:00,2016,1,1,39.68000030517578,54.45000076293945,57.619998931884766,34.599998474121094,44107700,42689006,1693899771.1076508,1.6938997711076507,,,,,,,,,-472.38885,10.429064,6.1894016,,,,-28.258905586762296,Technology,Semiconductor Equipment & Materials,United States,941,2016-Q1
AMBA,AMBARELLA INC,2016-02-01 00:00:00-05:00,2016,1,2,46.400001525878906,39.0,47.15999984741211,33.38999938964844,27774000,42689006,1980769943.5382538,1.9807699435382538,,,,,,,,,-472.38885,10.429064,6.1894016,,,,-19.14967412554429,Technology,Semiconductor Equipment & Materials,United States,941,2016-Q1
AMBA,AMBARELLA INC,2016-03-01 00:00:00-05:00,2016,1,3,44.70000076293945,47.439998626708984,47.439998626708984,36.65999984741211,41291900,42689006,1908198600.769127,1.908198600769127,,,,,,,,,-472.38885,10.429064,6.1894016,,,,-40.95892048147315,Technology,Semiconductor Equipment & Materials,United States,941,2016-Q1
AMBA,AMBARELLA INC,2016-04-01 00:00:00-04:00,2016,2,4,41.099998474121094,44.29999923706055,46.439998626708984,40.77000045776367,19386800,42689006,1754518081.4617462,1.7545180814617463,,,,,,,,,-472.38885,10.429064,6.1894016,,,,-43.81408391415987,Technology,Semiconductor Equipment & Materials,United States,941,2016-Q2
AMBA,AMBARELLA INC,2016-05-01 00:00:00-04:00,2016,2,5,41.34000015258789,41.029998779296875,41.5,35.2599983215332,17252800,42689006,1764763514.5538254,1.7647635145538254,,,,,,,,,-472.38885,10.429064,6.1894016,,,,-54.1735943108955,Technology,Semiconductor Equipment & Materials,United States,941,2016-Q2
AMBA,AMBARELLA INC,2016-06-01 00:00:00-04:00,2016,2,6,50.810001373291016,41.0,54.099998474121094,40.529998779296875,33238600,42689006,2169028453.4844284,2.169028453484428,,,,,,,,,-472.38885,10.429064,6.1894016,,,,-50.52098532933367,Technology,Semiconductor Equipment & Materials,United States,941,2016-Q2
AMBA,AMBARELLA INC,2016-07-01 00:00:00-04:00,2016,3,7,57.97999954223633,50.66999816894531,59.869998931884766,48.77000045776367,15111800,42689006,2475108548.338524,2.475108548338524,,,,,,,,,-472.38885,10.429064,6.1894016,,,,-49.96116495393227,Technology,Semiconductor Equipment & Materials,United States,941,2016-Q3
AMBA,AMBARELLA INC,2016-08-01 00:00:00-04:00,2016,3,8,72.04000091552734,57.95000076293945,72.98999786376953,55.75,23515000,42689006,3075316031.3229523,3.075316031322952,,,,,,,,,-472.38885,10.429064,6.1894016,,,,-24.667988095176362,Technology,Semiconductor Equipment & Materials,United States,941,2016-Q3
AMBA,AMBARELLA INC,2016-09-01 00:00:00-04:00,2016,3,9,73.61000061035156,71.7699966430664,74.55999755859375,61.20000076293945,28441400,42689006,3142337757.7153015,3.1423377577153015,,,,,,,,,-472.38885,10.429064,6.1894016,,,,27.374977408200053,Technology,Semiconductor Equipment & Materials,United States,941,2016-Q3
AMBA,AMBARELLA INC,2016-10-01 00:00:00-04:00,2016,4,10,61.369998931884766,73.66000366210938,74.94999694824219,60.36000061035156,18095100,42689006,2619824252.6232224,2.6198242526232223,,,,,,,,,-472.38885,10.429064,6.1894016,,,,24.130260187205653,Technology,Semiconductor Equipment & Materials,United States,941,2016-Q4
AMBA,AMBARELLA INC,2016-11-01 00:00:00-04:00,2016,4,11,61.52000045776367,61.220001220703125,65.77999877929688,53.70000076293945,19392600,42689006,2626227668.661476,2.626227668661476,,,,,,,,,-472.38885,10.429064,6.1894016,,,,-2.053814499797002,Technology,Semiconductor Equipment & Materials,United States,941,2016-Q4
AMBA,AMBARELLA INC,2016-12-01 00:00:00-05:00,2016,4,12,54.130001068115234,61.459999084472656,61.86000061035156,51.75,22992400,42689006,2310755940.3767776,2.3107559403767777,,,,,,,,,-472.38885,10.429064,6.1894016,,,,-2.8884114852359755,Technology,Semiconductor Equipment & Materials,United States,941,2016-Q4
AMBA,AMBARELLA INC,2017-01-01 00:00:00-05:00,2017,1,1,49.61000061035156,54.4900016784668,58.18000030517578,46.79999923706055,19800300,42689006,2117801613.7153015,2.1178016137153017,,,,,,,,,-472.38885,10.429064,6.1894016,,,,25.02520218952855,Technology,Semiconductor Equipment & Materials,United States,941,2017-Q1
AMBA,AMBARELLA INC,2017-02-01 00:00:00-05:00,2017,1,2,58.95000076293945,50.0,60.52000045776367,49.18000030517578,16570500,42689006,2516516936.269127,2.516516936269127,,,,,,,,,-472.38885,10.429064,6.1894016,,,,27.047411259374577,Technology,Semiconductor Equipment & Materials,United States,941,2017-Q1
AMBA,AMBARELLA INC,2017-03-01 00:00:00-05:00,2017,1,3,54.709999084472656,60.540000915527344,60.68000030517578,52.59000015258789,24081900,42689006,2335515479.1770477,2.335515479177048,,,,,,,,,-472.38885,10.429064,6.1894016,,,,22.393731880721667,Technology,Semiconductor Equipment & Materials,United States,941,2017-Q1
AMBA,AMBARELLA INC,2017-04-01 00:00:00-04:00,2017,2,4,56.220001220703125,54.75,57.52000045776367,49.4900016784668,13167500,42689006,2399975969.430603,2.399975969430603,,,,,,,,,-472.38885,10.429064,6.1894016,,,,36.78832921636834,Technology,Semiconductor Equipment & Materials,United States,941,2017-Q2
AMBA,AMBARELLA INC,2017-05-01 00:00:00-04:00,2017,2,5,58.540000915527344,56.20000076293945,65.38999938964844,55.779998779296875,15969500,42689006,2499014450.3229523,2.499014450322952,,,,,,,,,-472.38885,10.429064,6.1894016,,,,41.60619424154195,Technology,Semiconductor Equipment & Materials,United States,941,2017-Q2
AMBA,AMBARELLA INC,2017-06-01 00:00:00-04:00,2017,2,6,48.54999923706055,58.720001220703125,60.599998474121094,48.130001068115234,34829900,42689006,2072551208.730873,2.0725512087308733,,,,,,,,,-472.38885,10.429064,6.1894016,,,,-4.4479474023759185,Technology,Semiconductor Equipment & Materials,United States,941,2017-Q2
AMBA,AMBARELLA INC,2017-07-01 00:00:00-04:00,2017,3,7,50.04999923706055,48.90999984741211,52.599998474121094,47.34000015258789,14984300,42689006,2136584717.730873,2.136584717730873,,,,,,,,,-472.38885,10.429064,6.1894016,,,,-13.677130679173366,Technology,Semiconductor Equipment & Materials,United States,941,2017-Q3
AMBA,AMBARELLA INC,2017-08-01 00:00:00-04:00,2017,3,8,54.400001525878906,50.220001220703125,54.93000030517578,49.220001220703125,13520900,42689006,2322281991.538254,2.322281991538254,,,,,,,,,-472.38885,10.429064,6.1894016,,,,-24.4863952879911,Technology,Semiconductor Equipment & Materials,United States,941,2017-Q3
AMBA,AMBARELLA INC,2017-09-01 00:00:00-04:00,2017,3,9,49.0099983215332,45.93000030517578,49.900001525878906,40.060001373291016,44927100,42689006,2092188112.4079208,2.092188112407921,,,,,,,,,-472.38885,10.429064,6.1894016,,,,-33.41937520016667,Technology,Semiconductor Equipment & Materials,United States,941,2017-Q3
AMBA,AMBARELLA INC,2017-10-01 00:00:00-04:00,2017,4,10,56.439998626708984,49.029998779296875,56.61000061035156,48.130001068115234,18529200,42689006,2409367440.0155716,2.4093674400155716,,,,,,,,,-472.38885,10.429064,6.1894016,,,,-8.033241634316536,Technology,Semiconductor Equipment & Materials,United States,941,2017-Q4
AMBA,AMBARELLA INC,2017-11-01 00:00:00-04:00,2017,4,11,54.27000045776367,56.599998474121094,58.54999923706055,52.45000076293945,15762600,42689006,2316732375.161476,2.316732375161476,,,,,,,,,-472.38885,10.429064,6.1894016,,,,-11.784785347941373,Technology,Semiconductor Equipment & Materials,United States,941,2017-Q4
AMBA,AMBARELLA INC,2017-12-01 00:00:00-05:00,2017,4,12,58.75,58.900001525878906,65.08999633789062,56.099998474121094,24983400,42689006,2507979102.5,2.5079791025,,,,,,,,,-472.38885,10.429064,6.1894016,,,,8.535006171662785,Technology,Semiconductor Equipment & Materials,United States,941,2017-Q4
AMBA,AMBARELLA INC,2018-01-01 00:00:00-05:00,2018,1,1,50.400001525878906,59.0,66.2300033569336,46.75,29412900,42689006,2151525967.538254,2.151525967538254,,,,,,,,,-472.38885,10.429064,6.1894016,,,,1.5924227087441345,Technology,Semiconductor Equipment & Materials,United States,941,2018-Q1
AMBA,AMBARELLA INC,2018-02-01 00:00:00-05:00,2018,1,2,48.08000183105469,49.91999816894531,51.08000183105469,46.09000015258789,10817200,42689006,2052487486.6459045,2.0524874866459046,,,,,,,,,-472.38885,10.429064,6.1894016,,,,-18.439353335375174,Technology,Semiconductor Equipment & Materials,United States,941,2018-Q1
AMBA,AMBARELLA INC,2018-03-01 00:00:00-05:00,2018,1,3,48.9900016784668,47.83000183105469,55.349998474121094,45.02000045776367,23433800,42689006,2091334475.5920792,2.0913344755920793,,,,,,,,,-472.38885,10.429064,6.1894016,,,,-10.455122467054224,Technology,Semiconductor Equipment & Materials,United States,941,2018-Q1
AMBA,AMBARELLA INC,2018-04-01 00:00:00-04:00,2018,2,4,46.59000015258789,48.54999923706055,53.4900016784668,44.130001068115234,21861400,42689006,1988880796.0538254,1.9888807960538253,,,,,,,,,-472.38885,10.429064,6.1894016,,,,-17.12913706691448,Technology,Semiconductor Equipment & Materials,United States,941,2018-Q2
AMBA,AMBARELLA INC,2018-05-01 00:00:00-04:00,2018,2,5,48.86000061035156,46.79999923706055,55.5,46.0,22495600,42689006,2085784859.2153015,2.0857848592153014,,,,,,,,,-472.38885,10.429064,6.1894016,,,,-16.53570234674907,Technology,Semiconductor Equipment & Materials,United States,941,2018-Q2
AMBA,AMBARELLA INC,2018-06-01 00:00:00-04:00,2018,2,6,38.61000061035156,49.369998931884766,50.08000183105469,38.16999816894531,35277800,42689006,1648222547.7153015,1.6482225477153014,,,,,,,,,-472.38885,10.429064,6.1894016,,,,-20.473735907129132,Technology,Semiconductor Equipment & Materials,United States,941,2018-Q2
AMBA,AMBARELLA INC,2018-07-01 00:00:00-04:00,2018,3,7,39.18000030517578,38.400001525878906,40.9900016784668,37.16999816894531,16262700,42689006,1672555268.1076508,1.6725552681076508,,,,,,,,,-472.38885,10.429064,6.1894016,,,,-21.71827991524894,Technology,Semiconductor Equipment & Materials,United States,941,2018-Q3
AMBA,AMBARELLA INC,2018-08-01 00:00:00-04:00,2018,3,8,38.310001373291016,39.040000915527344,40.58000183105469,34.33000183105469,24487900,42689006,1635415878.4844284,1.6354158784844284,,,,,,,,,-472.38885,10.429064,6.1894016,,,,-29.57720533322712,Technology,Semiconductor Equipment & Materials,United States,941,2018-Q3
AMBA,AMBARELLA INC,2018-09-01 00:00:00-04:00,2018,3,9,38.68000030517578,37.970001220703125,41.0,35.0099983215332,19130800,42689006,1651210765.1076508,1.6512107651076509,,,,,,,,,-472.38885,10.429064,6.1894016,,,,-21.07732783132702,Technology,Semiconductor Equipment & Materials,United States,941,2018-Q3
AMBA,AMBARELLA INC,2018-10-01 00:00:00-04:00,2018,4,10,34.779998779296875,38.93000030517578,39.79999923706055,31.40999984741211,15419200,42689006,1484723576.569397,1.484723576569397,,,,,,,,,-472.38885,10.429064,6.1894016,,,,-38.37703822544388,Technology,Semiconductor Equipment & Materials,United States,941,2018-Q4
AMBA,AMBARELLA INC,2018-11-01 00:00:00-04:00,2018,4,11,39.9900016784668,34.95000076293945,40.650001525878906,30.0,15645900,42689006,1707133421.5920792,1.7071334215920793,,,,,,,,,-472.38885,10.429064,6.1894016,,,,-26.31287757296127,Technology,Semiconductor Equipment & Materials,United States,941,2018-Q4
AMBA,AMBARELLA INC,2018-12-01 00:00:00-05:00,2018,4,12,34.97999954223633,40.849998474121094,42.790000915527344,32.310001373291016,13827400,42689006,1493261410.3385239,1.4932614103385238,,,,,,,,,-472.38885,10.429064,6.1894016,,,,-40.45957524725732,Technology,Semiconductor Equipment & Materials,United States,941,2018-Q4
AMBA,AMBARELLA INC,2019-01-01 00:00:00-05:00,2019,1,1,38.0,34.25,38.72999954223633,33.880001068115234,11219900,42689006,1622182228.0,1.622182228,,,,,,,,,-472.38885,10.429064,6.1894016,,,,-24.603176885841705,Technology,Semiconductor Equipment & Materials,United States,941,2019-Q1
AMBA,AMBARELLA INC,2019-02-01 00:00:00-05:00,2019,1,2,40.369998931884766,37.970001220703125,42.20000076293945,37.16999816894531,6254000,42689006,1723355126.6232224,1.7233551266232223,,,,,,,,,-472.38885,10.429064,6.1894016,,,,-16.035779129671457,Technology,Semiconductor Equipment & Materials,United States,941,2019-Q1
AMBA,AMBARELLA INC,2019-03-01 00:00:00-05:00,2019,1,3,43.20000076293945,40.47999954223633,45.0,39.33000183105469,14821400,42689006,1844165091.769127,1.8441650917691268,,,,,,,,,-472.38885,10.429064,6.1894016,,,,-11.818739981942672,Technology,Semiconductor Equipment & Materials,United States,941,2019-Q1
AMBA,AMBARELLA INC,2019-04-01 00:00:00-04:00,2019,2,4,50.119998931884766,43.63999938964844,52.119998931884766,42.75,9367800,42689006,2139572935.1232224,2.139572935123222,,,,,,,,,-472.38885,10.429064,6.1894016,,,,7.576730559638767,Technology,Semiconductor Equipment & Materials,United States,941,2019-Q2
AMBA,AMBARELLA INC,2019-05-01 00:00:00-04:00,2019,2,5,37.90999984741211,50.45000076293945,51.36000061035156,36.68000030517578,14965700,42689006,1618340210.9461746,1.6183402109461746,,,,,,,,,-472.38885,10.429064,6.1894016,,,,-22.410971400232782,Technology,Semiconductor Equipment & Materials,United States,941,2019-Q2
AMBA,AMBARELLA INC,2019-06-01 00:00:00-04:00,2019,2,6,44.130001068115234,37.72999954223633,45.59000015258789,37.119998931884766,14571800,42689006,1883865880.3767776,1.8838658803767776,,,,,,,,,-472.38885,10.429064,6.1894016,,,,14.296815256417595,Technology,Semiconductor Equipment & Materials,United States,941,2019-Q2
AMBA,AMBARELLA INC,2019-07-01 00:00:00-04:00,2019,3,7,49.95000076293945,45.529998779296875,50.880001068115234,43.400001525878906,7850200,42689006,2132315882.269127,2.132315882269127,,,,,,,,,-472.38885,10.429064,6.1894016,,,,27.488515502489474,Technology,Semiconductor Equipment & Materials,United States,941,2019-Q3
AMBA,AMBARELLA INC,2019-08-01 00:00:00-04:00,2019,3,8,55.869998931884766,50.040000915527344,56.900001525878906,43.0099983215332,14051700,42689006,2385034719.6232224,2.3850347196232224,,,,,,,,,-472.38885,10.429064,6.1894016,,,,45.836588173124525,Technology,Semiconductor Equipment & Materials,United States,941,2019-Q3
AMBA,AMBARELLA INC,2019-09-01 00:00:00-04:00,2019,3,9,62.84000015258789,55.5,67.1500015258789,55.099998474121094,19156600,42689006,2682577143.5538254,2.6825771435538255,,,,,,,,,-472.38885,10.429064,6.1894016,,,,62.46121938158116,Technology,Semiconductor Equipment & Materials,United States,941,2019-Q3
AMBA,AMBARELLA INC,2019-10-01 00:00:00-04:00,2019,4,10,52.630001068115234,63.529998779296875,63.810001373291016,49.5,17441400,42689006,2246722431.3767776,2.2467224313767775,,,,,,,,,-472.38885,10.429064,6.1894016,,,,51.322607577099014,Technology,Semiconductor Equipment & Materials,United States,941,2019-Q4
AMBA,AMBARELLA INC,2019-11-01 00:00:00-04:00,2019,4,11,54.7400016784668,52.81999969482422,61.75,52.29999923706055,13688400,42689006,2336796260.092079,2.336796260092079,,,,,,,,,-472.38885,10.429064,6.1894016,,,,36.88421950715335,Technology,Semiconductor Equipment & Materials,United States,941,2019-Q4
AMBA,AMBARELLA INC,2019-12-01 00:00:00-05:00,2019,4,12,60.560001373291016,54.880001068115234,61.2400016784668,51.15999984741211,13262300,42689006,2585246261.9844284,2.5852462619844285,,,,,,,,,-472.38885,10.429064,6.1894016,,,,73.12750762094298,Technology,Semiconductor Equipment & Materials,United States,941,2019-Q4
AMBA,AMBARELLA INC,2020-01-01 00:00:00-05:00,2020,1,1,59.13999938964844,61.36000061035156,65.2300033569336,58.06999969482422,12754300,42689006,2524627788.7846985,2.5246277887846986,,,,,,,,,-472.38885,10.429064,6.1894016,,,,55.63157734118009,Technology,Semiconductor Equipment & Materials,United States,941,2020-Q1
AMBA,AMBARELLA INC,2020-02-01 00:00:00-05:00,2020,1,2,59.45000076293945,59.400001525878906,73.58999633789062,55.220001220703125,10126100,42689006,2537861439.269127,2.5378614392691268,,,,,,,,,-472.38885,10.429064,6.1894016,,,,47.26282471111249,Technology,Semiconductor Equipment & Materials,United States,941,2020-Q1
AMBA,AMBARELLA INC,2020-03-01 00:00:00-05:00,2020,1,3,48.560001373291016,59.959999084472656,62.40999984741211,36.02000045776367,19370100,42689006,2072978189.9844284,2.0729781899844286,,,,,,,,,-472.38885,10.429064,6.1894016,,,,12.407408601135517,Technology,Semiconductor Equipment & Materials,United States,941,2020-Q1
AMBA,AMBARELLA INC,2020-04-01 00:00:00-04:00,2020,2,4,52.58000183105469,47.15999984741211,56.400001525878906,44.77000045776367,8230200,42689006,2244588013.6459045,2.2445880136459047,,,,,,,,,-472.38885,10.429064,6.1894016,,,,4.908226160405893,Technology,Semiconductor Equipment & Materials,United States,941,2020-Q2
AMBA,AMBARELLA INC,2020-05-01 00:00:00-04:00,2020,2,5,56.7400016784668,50.779998779296875,58.9900016784668,47.90999984741211,6789800,42689006,2422174272.092079,2.422174272092079,,,,,,,,,-472.38885,10.429064,6.1894016,,,,49.67027672604989,Technology,Semiconductor Equipment & Materials,United States,941,2020-Q2
AMBA,AMBARELLA INC,2020-06-01 00:00:00-04:00,2020,2,6,45.79999923706055,57.2400016784668,62.150001525878906,43.689998626708984,16556300,42689006,1955156442.230873,1.9551564422308731,,,,,,,,,-472.38885,10.429064,6.1894016,,,,3.7842694958643897,Technology,Semiconductor Equipment & Materials,United States,941,2020-Q2
AMBA,AMBARELLA INC,2020-07-01 00:00:00-04:00,2020,3,7,45.279998779296875,45.650001525878906,49.779998779296875,43.7599983215332,7946400,42689006,1932958139.569397,1.9329581395693969,,,,,,,,,-472.38885,10.429064,6.1894016,,,,-9.349353177803154,Technology,Semiconductor Equipment & Materials,United States,941,2020-Q3
AMBA,AMBARELLA INC,2020-08-01 00:00:00-04:00,2020,3,8,52.70000076293945,45.41999816894531,53.54999923706055,45.099998474121094,9332400,42689006,2249710648.769127,2.2497106487691267,,,,,,,,,-472.38885,10.429064,6.1894016,,,,-5.673882637460026,Technology,Semiconductor Equipment & Materials,United States,941,2020-Q3
AMBA,AMBARELLA INC,2020-09-01 00:00:00-04:00,2020,3,9,52.18000030517578,52.95000076293945,59.0,46.9900016784668,16627100,42689006,2227512346.1076508,2.227512346107651,,,,,,,,,-472.38885,10.429064,6.1894016,,,,-16.963717093455656,Technology,Semiconductor Equipment & Materials,United States,941,2020-Q3
AMBA,AMBARELLA INC,2020-10-01 00:00:00-04:00,2020,4,10,54.66999816894531,52.689998626708984,58.86000061035156,51.720001220703125,7273000,42689006,2333807879.8540955,2.3338078798540955,,,,,,,,,-472.38885,10.429064,6.1894016,,,,3.876110696235502,Technology,Semiconductor Equipment & Materials,United States,941,2020-Q4
AMBA,AMBARELLA INC,2020-11-01 00:00:00-04:00,2020,4,11,78.12999725341797,55.459999084472656,79.83000183105469,53.65999984741211,13956700,42689006,3335291921.531143,3.335291921531143,,,,,,,,,-472.38885,10.429064,6.1894016,,,,42.72925622534671,Technology,Semiconductor Equipment & Materials,United States,941,2020-Q4
AMBA,AMBARELLA INC,2020-12-01 00:00:00-05:00,2020,4,12,91.81999969482422,78.91000366210938,96.80000305175781,77.05999755859375,17901700,42689006,3919704517.8923492,3.9197045178923493,,,,,,,,,-472.38885,10.429064,6.1894016,,,,51.6182259125904,Technology,Semiconductor Equipment & Materials,United States,941,2020-Q4
AMBA,AMBARELLA INC,2021-01-01 00:00:00-05:00,2021,1,1,94.36000061035156,92.45999908447266,114.5,90.44000244140625,17004600,42689006,4028134632.2153015,4.028134632215301,,,,,,,,,-472.38885,10.429064,6.1894016,,,,59.55360430197747,Technology,Semiconductor Equipment & Materials,United States,941,2021-Q1
AMBA,AMBARELLA INC,2021-02-01 00:00:00-05:00,2021,1,2,112.48999786376953,97.86000061035156,128.92999267578125,97.7300033569336,12425200,42689006,4802086193.746445,4.802086193746445,,,,,,,,,-472.38885,10.429064,6.1894016,,,,89.2178240877243,Technology,Semiconductor Equipment & Materials,United States,941,2021-Q1
AMBA,AMBARELLA INC,2021-03-01 00:00:00-05:00,2021,1,3,100.38999938964844,117.44000244140625,137.2100067138672,93.54000091552734,18506500,42689006,4285549286.2846985,4.285549286284699,,,,,,,,,-472.38885,10.429064,6.1894016,,,,106.73393029363663,Technology,Semiconductor Equipment & Materials,United States,941,2021-Q1
AMBA,AMBARELLA INC,2021-04-01 00:00:00-04:00,2021,2,4,97.48999786376953,101.26000213623047,107.12999725341797,95.1500015258789,6360200,42689006,4161751103.7464447,4.161751103746445,,,,,,,,,-472.38885,10.429064,6.1894016,,,,85.41269393069932,Technology,Semiconductor Equipment & Materials,United States,941,2021-Q2
AMBA,AMBARELLA INC,2021-05-01 00:00:00-04:00,2021,2,5,100.37999725341797,98.72000122070312,102.58000183105469,82.58999633789062,9342200,42689006,4285122305.031143,4.285122305031143,,,,,,,,,-472.38885,10.429064,6.1894016,,,,76.91222115615982,Technology,Semiconductor Equipment & Materials,United States,941,2021-Q2
AMBA,AMBARELLA INC,2021-06-01 00:00:00-04:00,2021,2,6,106.62999725341797,100.77999877929688,108.0999984741211,96.0999984741211,11621500,42689006,4551928592.531143,4.5519285925311435,,,,,,,,,-472.38885,10.429064,6.1894016,,,,132.8165917678332,Technology,Semiconductor Equipment & Materials,United States,941,2021-Q2
AMBA,AMBARELLA INC,2021-07-01 00:00:00-04:00,2021,3,7,98.48999786376953,106.5999984741211,107.72000122070312,88.01000213623047,5277200,42689006,4204440109.7464447,4.204440109746445,,,,,,,,,-472.38885,10.429064,6.1894016,,,,117.51325202950662,Technology,Semiconductor Equipment & Materials,United States,941,2021-Q3
AMBA,AMBARELLA INC,2021-08-01 00:00:00-04:00,2021,3,8,103.56999969482422,99.36000061035156,106.43000030517578,89.30000305175781,5300600,42689006,4421300338.392349,4.421300338392349,,,,,,,,,-472.38885,10.429064,6.1894016,,,,96.5275108072833,Technology,Semiconductor Equipment & Materials,United States,941,2021-Q3
AMBA,AMBARELLA INC,2021-09-01 00:00:00-04:00,2021,3,9,155.74000549316406,116.75,169.27999877929688,115.4000015258789,24785600,42689006,6648386028.937714,6.648386028937714,,,,,,,,,-472.38885,10.429064,6.1894016,,,,198.46685431643448,Technology,Semiconductor Equipment & Materials,United States,941,2021-Q3
AMBA,AMBARELLA INC,2021-10-01 00:00:00-04:00,2021,4,10,185.8300018310547,155.9199981689453,189.6999969482422,146.5,13030200,42689006,7932898063.145905,7.932898063145904,,,,,,,,,-472.38885,10.429064,6.1894016,,,,239.91221520949924,Technology,Semiconductor Equipment & Materials,United States,941,2021-Q4
AMBA,AMBARELLA INC,2021-11-01 00:00:00-04:00,2021,4,11,179.52000427246094,186.94000244140625,207.0,170.77999877929688,13192300,42689006,7663530539.507111,7.663530539507111,,,,,,,,,-472.38885,10.429064,6.1894016,,,,129.77090820850816,Technology,Semiconductor Equipment & Materials,United States,941,2021-Q4
AMBA,AMBARELLA INC,2021-12-01 00:00:00-05:00,2021,4,12,202.88999938964844,206.10000610351562,227.58999633789062,171.88999938964844,20854700,42689006,8661172401.284698,8.661172401284698,,,,,,,,,-472.38885,10.429064,6.1894016,,,,120.96493145717697,Technology,Semiconductor Equipment & Materials,United States,941,2021-Q4
AMBA,AMBARELLA INC,2022-01-01 00:00:00-05:00,2022,1,1,140.14999389648438,205.0,220.13999938964844,122.0199966430664,17960000,42689006,5982863930.346985,5.982863930346985,,,,,,,,,-472.38885,10.429064,6.1894016,,,,48.5269107566215,Technology,Semiconductor Equipment & Materials,United States,941,2022-Q1
AMBA,AMBARELLA INC,2022-02-01 00:00:00-05:00,2022,1,2,139.7100067138672,142.94000244140625,156.10000610351562,118.58000183105469,10079100,42689006,5964081314.868317,5.9640813148683165,,,,,,,,,-472.38885,10.429064,6.1894016,,,,24.197714789773862,Technology,Semiconductor Equipment & Materials,United States,941,2022-Q1
AMBA,AMBARELLA INC,2022-03-01 00:00:00-05:00,2022,1,3,104.91999816894531,111.1500015258789,111.98999786376953,81.27999877929688,26757300,42689006,4478930431.354095,4.478930431354096,,,,,,,,,-472.38885,10.429064,6.1894016,,,,4.512400445102482,Technology,Semiconductor Equipment & Materials,United States,941,2022-Q1
AMBA,AMBARELLA INC,2022-04-01 00:00:00-04:00,2022,2,4,82.08000183105469,105.37999725341797,107.73999786376953,79.11000061035156,9664600,42689006,3503913690.6459045,3.5039136906459047,,,,,,,,,-472.38885,10.429064,6.1894016,,,,-15.80674568713033,Technology,Semiconductor Equipment & Materials,United States,941,2022-Q2
AMBA,AMBARELLA INC,2022-05-01 00:00:00-04:00,2022,2,5,85.22000122070312,82.08000183105469,90.37999725341797,65.5999984741211,13647800,42689006,3637957143.430603,3.637957143430603,,,,,,,,,-472.38885,10.429064,6.1894016,,,,-15.102606542658215,Technology,Semiconductor Equipment & Materials,United States,941,2022-Q2
AMBA,AMBARELLA INC,2022-06-01 00:00:00-04:00,2022,2,6,65.45999908447266,79.79000091552734,90.94000244140625,64.69000244140625,12745300,42689006,2794422293.6770477,2.7944222936770475,,,,,,,,,-472.38885,10.429064,6.1894016,,,,-38.610146515431545,Technology,Semiconductor Equipment & Materials,United States,941,2022-Q2
AMBA,AMBARELLA INC,2022-07-01 00:00:00-04:00,2022,3,7,86.55000305175781,65.13999938964844,86.95999908447266,60.560001373291016,10122600,42689006,3694733599.5765076,3.6947335995765074,,,,,,,,,-472.38885,10.429064,6.1894016,,,,-12.123053173914178,Technology,Semiconductor Equipment & Materials,United States,941,2022-Q3
AMBA,AMBARELLA INC,2022-08-01 00:00:00-04:00,2022,3,8,67.87999725341797,85.93000030517578,93.62999725341797,67.31999969482422,14125300,42689006,2897729610.031143,2.8977296100311434,,,,,,,,,-472.38885,10.429064,6.1894016,,,,-34.45978811100625,Technology,Semiconductor Equipment & Materials,United States,941,2022-Q3
AMBA,AMBARELLA INC,2022-09-01 00:00:00-04:00,2022,3,9,56.18000030517578,65.86000061035156,71.98999786376953,56.04999923706055,14630500,42689006,2398268370.1076508,2.3982683701076506,,,,,,,,,-472.38885,10.429064,6.1894016,,,,-63.92705899343139,Technology,Semiconductor Equipment & Materials,United States,941,2022-Q3
AMBA,AMBARELLA INC,2022-10-01 00:00:00-04:00,2022,4,10,54.72999954223633,57.61000061035156,63.849998474121094,49.02000045776367,9826700,42689006,2336369278.838524,2.3363692788385237,,,,,,,,,-472.38885,10.429064,6.1894016,,,,-70.54835117959396,Technology,Semiconductor Equipment & Materials,United States,941,2022-Q4
AMBA,AMBARELLA INC,2022-11-01 00:00:00-04:00,2022,4,11,74.19999694824219,56.369998931884766,76.5999984741211,51.290000915527344,11849700,42689006,3167524114.9234924,3.1675241149234923,,,,,,,,,-472.38885,10.429064,6.1894016,,,,-58.66756061590359,Technology,Semiconductor Equipment & Materials,United States,941,2022-Q4
AMBA,AMBARELLA INC,2022-12-01 00:00:00-05:00,2022,4,12,82.2300033569336,75.58999633789062,91.25,67.52999877929688,15060900,42689006,3510317106.6841583,3.5103171066841585,,,,,,,,,-472.38885,10.429064,6.1894016,,,,-59.47064734373053,Technology,Semiconductor Equipment & Materials,United States,941,2022-Q4
AMBA,AMBARELLA INC,2023-01-01 00:00:00-05:00,2023,1,1,89.83999633789062,84.16999816894531,92.18000030517578,77.56999969482422,9158300,42689006,3835180142.708191,3.835180142708191,,,,,,,,,-472.38885,10.429064,6.1894016,,,,-35.89725276460092,Technology,Semiconductor Equipment & Materials,United States,941,2023-Q1
AMBA,AMBARELLA INC,2023-02-01 00:00:00-05:00,2023,1,2,94.30999755859375,90.0,99.86000061035156,89.33000183105469,8029700,42689006,4026000051.638794,4.026000051638794,,,,,,,,,-472.38885,10.429064,6.1894016,,,,-32.49588932327148,Technology,Semiconductor Equipment & Materials,United States,941,2023-Q1
AMBA,AMBARELLA INC,2023-03-01 00:00:00-05:00,2023,1,3,77.41999816894531,87.19999694824219,91.19000244140625,73.0,12905300,42689006,3304982766.3540955,3.3049827663540956,,,,,,,,,-472.38885,10.429064,6.1894016,,,,-26.210446511558917,Technology,Semiconductor Equipment & Materials,United States,941,2023-Q1
AMBA,AMBARELLA INC,2023-04-01 00:00:00-04:00,2023,2,4,61.97999954223633,76.62999725341797,76.97000122070312,58.150001525878906,7850900,42689006,2645864572.338524,2.6458645723385237,,,,,,,,,-472.38885,10.429064,6.1894016,,,,-24.488306335799315,Technology,Semiconductor Equipment & Materials,United States,941,2023-Q2
AMBA,AMBARELLA INC,2023-05-01 00:00:00-04:00,2023,2,5,72.31999969482422,61.849998474121094,83.16000366210938,61.2400016784668,15347000,42689006,3087268900.8923492,3.087268900892349,,,,,,,,,-472.38885,10.429064,6.1894016,,,,-15.13729328924841,Technology,Semiconductor Equipment & Materials,United States,941,2023-Q2
AMBA,AMBARELLA INC,2023-06-01 00:00:00-04:00,2023,2,6,83.66999816894531,72.30999755859375,89.19000244140625,72.12999725341797,12552000,42689006,3571789053.8540955,3.5717890538540953,,,,,,,,,-472.38885,10.429064,6.1894016,,,,27.81851411420526,Technology,Semiconductor Equipment & Materials,United States,941,2023-Q2
AMBA,AMBARELLA INC,2023-07-01 00:00:00-04:00,2023,3,7,83.41999816894531,83.98999786376953,85.08999633789062,78.36000061035156,7056400,42689006,3561116802.3540955,3.5611168023540953,,,,,,,,,-472.38885,10.429064,6.1894016,,,,-3.616412215422715,Technology,Semiconductor Equipment & Materials,United States,941,2023-Q3
AMBA,AMBARELLA INC,2023-08-01 00:00:00-04:00,2023,3,8,62.150001525878906,82.41999816894531,84.72000122070312,57.20000076293945,19593400,42689006,2653121788.038254,2.653121788038254,,,,,,,,,-472.38885,10.429064,6.1894016,,,,-8.441361165863249,Technology,Semiconductor Equipment & Materials,United States,941,2023-Q3
AMBA,AMBARELLA INC,2023-09-01 00:00:00-04:00,2023,3,9,53.029998779296875,62.2400016784668,64.5199966430664,50.290000915527344,11333000,42689006,2263797936.069397,2.263797936069397,,,,,,,,,-472.38885,10.429064,6.1894016,,,,-5.606980257685579,Technology,Semiconductor Equipment & Materials,United States,941,2023-Q3
AMBA,AMBARELLA INC,2023-10-01 00:00:00-04:00,2023,4,10,44.9900016784668,52.91999816894531,55.970001220703125,44.18000030517578,8717800,42689006,1920578451.5920792,1.9205784515920792,,,,,,,,,-472.38885,10.429064,6.1894016,,,,-17.796451571780047,Technology,Semiconductor Equipment & Materials,United States,941,2023-Q4
AMBA,AMBARELLA INC,2023-11-01 00:00:00-04:00,2023,4,11,58.709999084472656,44.7400016784668,58.810001373291016,43.59000015258789,10612100,42689006,2506271503.1770477,2.506271503177048,,,,,,,,,-472.38885,10.429064,6.1894016,,,,-20.87600876125978,Technology,Semiconductor Equipment & Materials,United States,941,2023-Q4
AMBA,AMBARELLA INC,2023-12-01 00:00:00-05:00,2023,4,12,61.290000915527344,60.75,65.37000274658203,56.310001373291016,13370000,42689006,2616409216.8229523,2.6164092168229525,,,,,,,,,-472.38885,10.429064,6.1894016,,,,-25.465160630618655,Technology,Semiconductor Equipment & Materials,United States,941,2023-Q4
AMBA,AMBARELLA INC,2024-01-01 00:00:00-05:00,2024,1,1,52.560001373291016,60.36000061035156,61.4900016784668,52.439998626708984,10469300,42689006,2243734213.9844284,2.2437342139844283,,,,,,,,,-472.38885,10.429064,6.1894016,,,,-41.49598896285409,Technology,Semiconductor Equipment & Materials,United States,941,2024-Q1
AMBA,AMBARELLA INC,2024-02-01 00:00:00-05:00,2024,1,2,55.849998474121094,53.130001068115234,65.38999938964844,50.84000015258789,12473700,42689006,2384180919.961746,2.384180919961746,,,,,,,,,-472.38885,10.429064,6.1894016,,,,-40.78040513210478,Technology,Semiconductor Equipment & Materials,United States,941,2024-Q1
AMBA,AMBARELLA INC,2024-03-01 00:00:00-05:00,2024,1,3,50.77000045776367,56.20000076293945,58.77000045776367,48.310001373291016,11045300,42689006,2167320854.161476,2.1673208541614764,,,,,,,,,-472.38885,10.429064,6.1894016,,,,-34.42262766917952,Technology,Semiconductor Equipment & Materials,United States,941,2024-Q1
AMBA,AMBARELLA INC,2024-04-01 00:00:00-04:00,2024,2,4,45.970001220703125,50.81999969482422,51.47999954223633,40.310001373291016,12898600,42689006,1962413657.930603,1.962413657930603,,,,,,,,,-472.38885,10.429064,6.1894016,,,,-25.83091068050618,Technology,Semiconductor Equipment & Materials,United States,941,2024-Q2
AMBA,AMBARELLA INC,2024-05-01 00:00:00-04:00,2024,2,5,58.2599983215332,45.18000030517578,59.9900016784668,44.52000045776367,14389600,42689006,2487061417.907921,2.487061417907921,,,,,,,,,-472.38885,10.429064,6.1894016,,,,-19.441373662363638,Technology,Semiconductor Equipment & Materials,United States,941,2024-Q2
AMBA,AMBARELLA INC,2024-06-01 00:00:00-04:00,2024,2,6,53.95000076293945,59.02000045776367,59.34000015258789,52.130001068115234,12158600,42689006,2303071906.269127,2.303071906269127,,,,,,,,,-472.38885,10.429064,6.1894016,,,,-35.52049486841824,Technology,Semiconductor Equipment & Materials,United States,941,2024-Q2
AMBA,AMBARELLA INC,2024-07-01 00:00:00-04:00,2024,3,7,52.63999938964844,53.970001220703125,65.87999725341797,50.290000915527344,12221800,42689006,2247149249.7846985,2.2471492497846985,63724000.0,63.724,38741000.0,-34889000.0,-36287000.0,-29886000.0,8.815945522035255,,-472.38885,10.429064,6.1894016,,,,-36.897625815047455,Technology,Semiconductor Equipment & Materials,United States,941,2024-Q3
AMBA,AMBARELLA INC,2024-08-01 00:00:00-04:00,2024,3,8,59.70000076293945,51.599998474121094,63.97999954223633,39.689998626708984,20027500,42689006,2548533690.769127,2.5485336907691267,63724000.0,63.724,38741000.0,-34889000.0,-36287000.0,-29886000.0,9.998327516983895,,-472.38885,10.429064,6.1894016,,0.0,,-3.9420767542850177,Technology,Semiconductor Equipment & Materials,United States,941,2024-Q3
AMBA,AMBARELLA INC,2024-09-01 00:00:00-04:00,2024,3,9,56.40999984741211,58.349998474121094,58.939998626708984,49.4900016784668,9937700,42689006,2408086821.9461746,2.4080868219461746,63724000.0,63.724,38741000.0,-34889000.0,-36287000.0,-29886000.0,9.44733076213897,,-472.38885,10.429064,6.1894016,,0.0,,6.373752868036653,Technology,Semiconductor Equipment & Materials,United States,941,2024-Q3
AMBA,AMBARELLA INC,2024-10-01 00:00:00-04:00,2024,4,10,56.189998626708984,56.27000045776367,61.66999816894531,53.45000076293945,7841600,42689006,2398695188.5155716,2.3986951885155716,82653000.0,82.653,50048000.0,-24071000.0,-25510000.0,-19031000.0,7.255317981548073,,-472.38885,10.429064,6.1894016,,29.7046638629088,,24.894413270499506,Technology,Semiconductor Equipment & Materials,United States,941,2024-Q4
AMBA,AMBARELLA INC,2024-11-01 00:00:00-04:00,2024,4,11,71.55000305175781,56.540000915527344,81.31999969482422,56.2400016784668,14983700,42689006,3054398509.5765076,3.0543985095765076,82653000.0,82.653,50048000.0,-24071000.0,-25510000.0,-19031000.0,9.2386196193015,,-472.38885,10.429064,6.1894016,,0.0,29.7046638629088,21.870216602815475,Technology,Semiconductor Equipment & Materials,United States,941,2024-Q4
AMBA,AMBARELLA INC,2024-12-01 00:00:00-05:00,2024,4,12,72.73999786376953,70.62999725341797,77.27999877929688,67.12999725341797,13550300,42689006,3105198205.2464447,3.105198205246445,82653000.0,82.653,50048000.0,-24071000.0,-25510000.0,-19031000.0,9.392273133602062,,-472.38885,10.429064,6.1894016,,0.0,29.7046638629088,18.681672013715733,Technology,Semiconductor Equipment & Materials,United States,941,2024-Q4
AMBA,AMBARELLA INC,2025-01-01 00:00:00-05:00,2025,1,1,76.72000122070312,73.31999969482422,85.1500015258789,71.73999786376953,14265800,42689006,3275100592.430603,3.275100592430603,84015000.0,84.015,50381000.0,-20234000.0,-25353000.0,-18527000.0,9.74558290909541,,-472.38885,10.429064,6.1894016,,1.6478530724837626,31.84200615152846,45.966512968337355,Technology,Semiconductor Equipment & Materials,United States,941,2025-Q1
AMBA,AMBARELLA INC,2025-02-01 00:00:00-05:00,2025,1,2,61.43000030517578,73.77999877929688,84.0,60.04999923706055,17787000,42689006,2622385651.6076508,2.622385651607651,84015000.0,84.015,50381000.0,-20234000.0,-25353000.0,-18527000.0,7.803325750186428,,-472.38885,10.429064,6.1894016,,0.0,1.6478530724837626,9.991051000010787,Technology,Semiconductor Equipment & Materials,United States,941,2025-Q1
AMBA,AMBARELLA INC,2025-03-01 00:00:00-05:00,2025,1,3,50.33000183105469,62.189998626708984,62.209999084472656,47.619998931884766,19018300,42689006,2148537750.1459045,2.1485377501459046,84015000.0,84.015,50381000.0,-20234000.0,-25353000.0,-18527000.0,6.393315926161711,,-472.38885,10.429064,6.1894016,,0.0,1.6478530724837626,-0.8666508228122316,Technology,Semiconductor Equipment & Materials,United States,941,2025-Q1
AMBA,AMBARELLA INC,2025-04-01 00:00:00-04:00,2025,2,4,47.9900016784668,50.349998474121094,52.22999954223633,38.86000061035156,16528600,42689006,2048645469.5920792,2.048645469592079,85872000.0,85.872,51536000.0,-24328000.0,-25858000.0,-19110000.0,5.9642417481602825,,-472.38885,10.429064,6.1894016,,2.2103195857882563,3.8945954774781244,4.394170990045443,Technology,Semiconductor Equipment & Materials,United States,941,2025-Q2
AMBA,AMBARELLA INC,2025-05-01 00:00:00-04:00,2025,2,5,52.63999938964844,48.95000076293945,66.30999755859375,48.09000015258789,17590700,42689006,2247149249.7846985,2.2471492497846985,85872000.0,85.872,51536000.0,-24328000.0,-25858000.0,-19110000.0,6.542147759993649,,-472.38885,10.429064,6.1894016,,0.0,2.2103195857882563,-9.646411077577365,Technology,Semiconductor Equipment & Materials,United States,941,2025-Q2
AMBA,AMBARELLA INC,2025-06-01 00:00:00-04:00,2025,2,6,66.06999969482422,52.599998474121094,71.05000305175781,50.38999938964844,26609700,42689006,2820462613.3923492,2.8204626133923494,85872000.0,85.872,51536000.0,-24328000.0,-25858000.0,-19110000.0,8.211240606345344,,-472.38885,10.429064,6.1894016,,0.0,2.2103195857882563,22.46524330025683,Technology,Semiconductor Equipment & Materials,United States,941,2025-Q2
AMBA,AMBARELLA INC,2025-07-01 00:00:00-04:00,2025,3,7,66.08999633789062,65.0,71.94000244140625,62.77000045776367,12977000,42689006,2821316250.208191,2.821316250208191,95511000.0,95.511,56231000.0,-19995000.0,-21989000.0,-15353000.0,7.384794029504954,,-472.38885,10.429064,6.1894016,,11.224846282839573,13.683270844492057,25.550906352949365,Technology,Semiconductor Equipment & Materials,United States,941,2025-Q3
AMBA,AMBARELLA INC,2025-08-01 00:00:00-04:00,2025,3,8,82.4800033569336,64.0,93.44000244140625,61.310001373291016,19273600,42689006,3520989358.1841583,3.5209893581841585,95511000.0,95.511,56231000.0,-19995000.0,-21989000.0,-15353000.0,9.216188078295062,,-472.38885,10.429064,6.1894016,,0.0,11.224846282839573,38.15745779376187,Technology,Semiconductor Equipment & Materials,United States,941,2025-Q3
AMBA,AMBARELLA INC,2025-09-01 00:00:00-04:00,2025,3,9,82.5199966430664,79.52999877929688,89.29000091552734,75.56999969482422,17670600,42689006,3522696631.8158417,3.5226966318158417,95511000.0,95.511,56231000.0,-19995000.0,-21989000.0,-15353000.0,9.220656866266298,,-472.38885,10.429064,6.1894016,,0.0,11.224846282839573,46.28611392710744,Technology,Semiconductor Equipment & Materials,United States,941,2025-Q3
AMBA,AMBARELLA INC,2025-10-01 00:00:00-04:00,2025,4,10,85.02999877929688,81.16000366210938,87.48999786376953,80.66000366210938,3270969,42689006,3629846128.069397,3.629846128069397,,,,,,,,,-472.38885,10.429064,6.1894016,,0.0,11.224846282839573,51.32586021968557,Technology,Semiconductor Equipment & Materials,United States,941,2025-Q4
