ticker,company_name,date,year,quarter,month,close_price,open_price,high_price,low_price,volume,shares_outstanding,market_cap,market_cap_billions,revenue,revenue_millions,gross_profit,net_income,operating_income,ebitda,ps_ratio,current_pe,forward_pe,current_ps,current_pb,peg_ratio,revenue_qoq_pct,revenue_yoy_pct,market_cap_yoy_pct,sector,industry,country,employees,year_quarter
AMD,ADVANCED MICRO DEVICES,2015-01-01 00:00:00-05:00,2015,1,1,2.569999933242798,2.6700000762939453,2.8399999141693115,2.140000104904175,435408400,1622843689,4170708172.3934956,4.170708172393495,,,,,,,,151.44911,49.59216,13.866541,6.8756285,,,,,Technology,Semiconductors,United States,28000,2015-Q1
AMD,ADVANCED MICRO DEVICES,2015-02-01 00:00:00-05:00,2015,1,2,3.109999895095825,2.690000057220459,3.369999885559082,2.6500000953674316,339665200,1622843689,5047043702.546922,5.0470437025469215,,,,,,,,151.44911,49.59216,13.866541,6.8756285,,,,,Technology,Semiconductors,United States,28000,2015-Q1
AMD,ADVANCED MICRO DEVICES,2015-03-01 00:00:00-05:00,2015,1,3,2.680000066757202,3.130000114440918,3.2300000190734863,2.5299999713897705,269815500,1622843689,4349221194.856504,4.349221194856504,,,,,,,,151.44911,49.59216,13.866541,6.8756285,,,,,Technology,Semiconductors,United States,28000,2015-Q1
AMD,ADVANCED MICRO DEVICES,2015-04-01 00:00:00-04:00,2015,2,4,2.259999990463257,2.6600000858306885,2.940000057220459,2.25,335187000,1622843689,3667626721.663357,3.667626721663357,,,,,,,,151.44911,49.59216,13.866541,6.8756285,,,,,Technology,Semiconductors,United States,28000,2015-Q2
AMD,ADVANCED MICRO DEVICES,2015-05-01 00:00:00-04:00,2015,2,5,2.2799999713897705,2.259999990463257,2.390000104904175,2.200000047683716,210397100,1622843689,3700083564.4900694,3.7000835644900696,,,,,,,,151.44911,49.59216,13.866541,6.8756285,,,,,Technology,Semiconductors,United States,28000,2015-Q2
AMD,ADVANCED MICRO DEVICES,2015-06-01 00:00:00-04:00,2015,2,6,2.4000000953674316,2.2899999618530273,2.6700000762939453,2.25,389269100,1622843689,3894825008.3664346,3.8948250083664346,,,,,,,,151.44911,49.59216,13.866541,6.8756285,,,,,Technology,Semiconductors,United States,28000,2015-Q2
AMD,ADVANCED MICRO DEVICES,2015-07-01 00:00:00-04:00,2015,3,7,1.9299999475479126,2.4700000286102295,2.630000114440918,1.6100000143051147,406747300,1622843689,3132088234.648461,3.1320882346484606,,,,,,,,151.44911,49.59216,13.866541,6.8756285,,,,,Technology,Semiconductors,United States,28000,2015-Q3
AMD,ADVANCED MICRO DEVICES,2015-08-01 00:00:00-04:00,2015,3,8,1.809999942779541,1.9299999475479126,2.2100000381469727,1.649999976158142,252729100,1622843689,2937346984.2301393,2.9373469842301394,,,,,,,,151.44911,49.59216,13.866541,6.8756285,,,,,Technology,Semiconductors,United States,28000,2015-Q3
AMD,ADVANCED MICRO DEVICES,2015-09-01 00:00:00-04:00,2015,3,9,1.7200000286102295,1.7699999809265137,2.140000104904175,1.649999976158142,188468000,1622843689,2791291191.5099306,2.7912911915099308,,,,,,,,151.44911,49.59216,13.866541,6.8756285,,,,,Technology,Semiconductors,United States,28000,2015-Q3
AMD,ADVANCED MICRO DEVICES,2015-10-01 00:00:00-04:00,2015,4,10,2.119999885559082,1.7699999809265137,2.2100000381469727,1.7200000286102295,205349000,1622843689,3440428434.9602785,3.4404284349602787,,,,,,,,151.44911,49.59216,13.866541,6.8756285,,,,,Technology,Semiconductors,United States,28000,2015-Q4
AMD,ADVANCED MICRO DEVICES,2015-11-01 00:00:00-04:00,2015,4,11,2.359999895095825,2.130000114440918,2.4000000953674316,1.940000057220459,136451200,1622843689,3829910935.7969217,3.8299109357969217,,,,,,,,151.44911,49.59216,13.866541,6.8756285,,,,,Technology,Semiconductors,United States,28000,2015-Q4
AMD,ADVANCED MICRO DEVICES,2015-12-01 00:00:00-05:00,2015,4,12,2.869999885559082,2.359999895095825,3.059999942779541,2.200000047683716,266450600,1622843689,4657561201.7102785,4.657561201710278,,,,,,,,151.44911,49.59216,13.866541,6.8756285,,,,,Technology,Semiconductors,United States,28000,2015-Q4
AMD,ADVANCED MICRO DEVICES,2016-01-01 00:00:00-05:00,2016,1,1,2.200000047683716,2.7699999809265137,2.819999933242798,1.75,355489300,1622843689,3570256193.183217,3.570256193183217,,,,,,,,151.44911,49.59216,13.866541,6.8756285,,,,-14.39688308054624,Technology,Semiconductors,United States,28000,2016-Q1
AMD,ADVANCED MICRO DEVICES,2016-02-01 00:00:00-05:00,2016,1,2,2.140000104904175,2.1700000762939453,2.190000057220459,1.809999942779541,192749800,1622843689,3472885664.7030783,3.472885664703078,,,,,,,,151.44911,49.59216,13.866541,6.8756285,,,,-31.189704916750895,Technology,Semiconductors,United States,28000,2016-Q1
AMD,ADVANCED MICRO DEVICES,2016-03-01 00:00:00-05:00,2016,1,3,2.8499999046325684,2.1600000858306885,2.9800000190734863,2.119999885559082,333321700,1622843689,4625104358.883566,4.625104358883566,,,,,,,,151.44911,49.59216,13.866541,6.8756285,,,,6.343277374655676,Technology,Semiconductors,United States,28000,2016-Q1
AMD,ADVANCED MICRO DEVICES,2016-04-01 00:00:00-04:00,2016,2,4,3.549999952316284,2.7899999618530273,3.990000009536743,2.5999999046325684,472576300,1622843689,5761095018.566783,5.761095018566783,,,,,,,,151.44911,49.59216,13.866541,6.8756285,,,,57.07964457064454,Technology,Semiconductors,United States,28000,2016-Q2
AMD,ADVANCED MICRO DEVICES,2016-05-01 00:00:00-04:00,2016,2,5,4.570000171661377,3.5799999237060547,4.710000038146973,3.450000047683716,394438600,1622843689,7416395937.309582,7.416395937309582,,,,,,,,151.44911,49.59216,13.866541,6.8756285,,,,100.43860653540887,Technology,Semiconductors,United States,28000,2016-Q2
AMD,ADVANCED MICRO DEVICES,2016-06-01 00:00:00-04:00,2016,2,6,5.139999866485596,4.599999904632568,5.519999980926514,4.070000171661377,625642500,1622843689,8341416344.786991,8.34141634478699,,,,,,,,151.44911,49.59216,13.866541,6.8756285,,,,114.16665259334833,Technology,Semiconductors,United States,28000,2016-Q2
AMD,ADVANCED MICRO DEVICES,2016-07-01 00:00:00-04:00,2016,3,7,6.860000133514404,5.090000152587891,7.159999847412109,4.820000171661377,700562400,1622843689,11132707923.213009,11.132707923213008,,,,,,,,151.44911,49.59216,13.866541,6.8756285,,,,255.44043108550935,Technology,Semiconductors,United States,28000,2016-Q3
AMD,ADVANCED MICRO DEVICES,2016-08-01 00:00:00-04:00,2016,3,8,7.400000095367432,6.889999866485596,8.0,6.150000095367432,606398900,1622843689,12009043453.366434,12.009043453366434,,,,,,,,151.44911,49.59216,13.866541,6.8756285,,,,308.8397971993061,Technology,Semiconductors,United States,28000,2016-Q3
AMD,ADVANCED MICRO DEVICES,2016-09-01 00:00:00-04:00,2016,3,9,6.909999847412109,7.179999828338623,7.639999866485596,5.659999847412109,1041904000,1622843689,11213849643.363705,11.213849643363705,,,,,,,,151.44911,49.59216,13.866541,6.8756285,,,,301.74417049256857,Technology,Semiconductors,United States,28000,2016-Q3
AMD,ADVANCED MICRO DEVICES,2016-10-01 00:00:00-04:00,2016,4,10,7.230000019073486,6.949999809265137,7.53000020980835,6.239999771118164,869559700,1622843689,11733159902.423286,11.733159902423287,,,,,,,,151.44911,49.59216,13.866541,6.8756285,,,,241.0377551585011,Technology,Semiconductors,United States,28000,2016-Q4
AMD,ADVANCED MICRO DEVICES,2016-11-01 00:00:00-04:00,2016,4,11,8.90999984741211,7.320000171661377,9.229999542236328,6.21999979019165,990277900,1622843689,14459537021.363705,14.459537021363705,,,,,,,,151.44911,49.59216,13.866541,6.8756285,,,,277.54238319787424,Technology,Semiconductors,United States,28000,2016-Q4
AMD,ADVANCED MICRO DEVICES,2016-12-01 00:00:00-05:00,2016,4,12,11.34000015258789,8.920000076293945,12.420000076293945,8.260000228881836,1155647500,1622843689,18403047680.886295,18.403047680886296,,,,,,,,151.44911,49.59216,13.866541,6.8756285,,,,295.12197229160637,Technology,Semiconductors,United States,28000,2016-Q4
AMD,ADVANCED MICRO DEVICES,2017-01-01 00:00:00-05:00,2017,1,1,10.369999885559082,11.420000076293945,11.6899995803833,9.420000076293945,878890400,1622843689,16828888869.210278,16.828888869210278,,,,,,,,151.44911,49.59216,13.866541,6.8756285,,,,371.3636209452451,Technology,Semiconductors,United States,28000,2017-Q1
AMD,ADVANCED MICRO DEVICES,2017-02-01 00:00:00-05:00,2017,1,2,14.460000038146973,10.899999618530273,15.550000190734863,10.8100004196167,1571999700,1622843689,23466319804.846573,23.466319804846574,,,,,,,,151.44911,49.59216,13.866541,6.8756285,,,,575.7009032387156,Technology,Semiconductors,United States,28000,2017-Q1
AMD,ADVANCED MICRO DEVICES,2017-03-01 00:00:00-05:00,2017,1,3,14.550000190734863,15.079999923706055,15.09000015258789,12.380000114440918,1733593200,1622843689,23612375984.48287,23.612375984482867,,,,,,,,151.44911,49.59216,13.866541,6.8756285,,,,410.52633956528837,Technology,Semiconductors,United States,28000,2017-Q1
AMD,ADVANCED MICRO DEVICES,2017-04-01 00:00:00-04:00,2017,2,4,13.300000190734863,14.600000381469727,14.739999771118164,12.220000267028809,943383500,1622843689,21583821373.23287,21.58382137323287,,,,,,,,151.44911,49.59216,13.866541,6.8756285,,,,274.64789772903947,Technology,Semiconductors,United States,28000,2017-Q2
AMD,ADVANCED MICRO DEVICES,2017-05-01 00:00:00-04:00,2017,2,5,11.1899995803833,13.430000305175781,13.630000114440918,9.850000381469727,1716437000,1622843689,18159620198.937687,18.159620198937688,,,,,,,,151.44911,49.59216,13.866541,6.8756285,,,,144.85774967302225,Technology,Semiconductors,United States,28000,2017-Q2
AMD,ADVANCED MICRO DEVICES,2017-06-01 00:00:00-04:00,2017,2,6,12.479999542236328,11.25,14.670000076293945,10.569999694824219,2208152100,1622843689,20253088495.841114,20.253088495841116,,,,,,,,151.44911,49.59216,13.866541,6.8756285,,,,142.801553821233,Technology,Semiconductors,United States,28000,2017-Q2
AMD,ADVANCED MICRO DEVICES,2017-07-01 00:00:00-04:00,2017,3,7,13.609999656677246,12.569999694824219,15.649999618530273,12.130000114440918,1710461400,1622843689,22086902050.130836,22.086902050130835,,,,,,,,151.44911,49.59216,13.866541,6.8756285,,,,98.39649259168151,Technology,Semiconductors,United States,28000,2017-Q3
AMD,ADVANCED MICRO DEVICES,2017-08-01 00:00:00-04:00,2017,3,8,13.0,13.720000267028809,13.930000305175781,11.859999656677246,1190382100,1622843689,21096967957.0,21.096967957,,,,,,,,151.44911,49.59216,13.866541,6.8756285,,,,75.67567341165706,Technology,Semiconductors,United States,28000,2017-Q3
AMD,ADVANCED MICRO DEVICES,2017-09-01 00:00:00-04:00,2017,3,9,12.75,13.119999885559082,14.239999771118164,12.039999961853027,1209201600,1622843689,20691257034.75,20.69125703475,,,,,,,,151.44911,49.59216,13.866541,6.8756285,,,,84.51519944352894,Technology,Semiconductors,United States,28000,2017-Q3
AMD,ADVANCED MICRO DEVICES,2017-10-01 00:00:00-04:00,2017,4,10,10.989999771118164,12.800000190734863,14.40999984741211,10.649999618530273,1358068500,1622843689,17835051770.670555,17.835051770670557,,,,,,,,151.44911,49.59216,13.866541,6.8756285,,,,52.00552893672765,Technology,Semiconductors,United States,28000,2017-Q4
AMD,ADVANCED MICRO DEVICES,2017-11-01 00:00:00-04:00,2017,4,11,10.890000343322754,11.25,12.270000457763672,10.65999984741211,1039199400,1622843689,17672768330.369164,17.672768330369163,,,,,,,,151.44911,49.59216,13.866541,6.8756285,,,,22.22222816856423,Technology,Semiconductors,United States,28000,2017-Q4
AMD,ADVANCED MICRO DEVICES,2017-12-01 00:00:00-05:00,2017,4,12,10.279999732971191,10.8100004196167,11.1899995803833,9.699999809265137,795755000,1622843689,16682832689.573982,16.68283268957398,,,,,,,,151.44911,49.59216,13.866541,6.8756285,,,,-9.347446255323,Technology,Semiconductors,United States,28000,2017-Q4
AMD,ADVANCED MICRO DEVICES,2018-01-01 00:00:00-05:00,2018,1,1,13.739999771118164,10.420000076293945,13.850000381469727,10.34000015258789,1335288900,1622843689,22297871915.420555,22.297871915420554,,,,,,,,151.44911,49.59216,13.866541,6.8756285,,,,32.4975884546733,Technology,Semiconductors,United States,28000,2018-Q1
AMD,ADVANCED MICRO DEVICES,2018-02-01 00:00:00-05:00,2018,1,2,12.109999656677246,13.619999885559082,13.84000015258789,10.630000114440918,1103985800,1622843689,19652636516.630836,19.652636516630835,,,,,,,,151.44911,49.59216,13.866541,6.8756285,,,,-16.25173150256004,Technology,Semiconductors,United States,28000,2018-Q1
AMD,ADVANCED MICRO DEVICES,2018-03-01 00:00:00-05:00,2018,1,3,10.050000190734863,12.260000228881836,12.819999694824219,9.789999961853027,1483511900,1622843689,16309579383.982868,16.309579383982868,,,,,,,,151.44911,49.59216,13.866541,6.8756285,,,,-30.927834646115716,Technology,Semiconductors,United States,28000,2018-Q1
AMD,ADVANCED MICRO DEVICES,2018-04-01 00:00:00-04:00,2018,2,4,10.880000114440918,9.989999771118164,11.359999656677246,9.039999961853027,1163360900,1622843689,17656539522.039722,17.656539522039722,,,,,,,,151.44911,49.59216,13.866541,6.8756285,,,,-18.195489034502277,Technology,Semiconductors,United States,28000,2018-Q2
AMD,ADVANCED MICRO DEVICES,2018-05-01 00:00:00-04:00,2018,2,5,13.729999542236328,10.829999923706055,13.949999809265137,10.770000457763672,1020602700,1622843689,22281643107.091114,22.281643107091114,,,,,,,,151.44911,49.59216,13.866541,6.8756285,,,,22.698838758723383,Technology,Semiconductors,United States,28000,2018-Q2
AMD,ADVANCED MICRO DEVICES,2018-06-01 00:00:00-04:00,2018,2,6,14.989999771118164,13.979999542236328,17.34000015258789,13.920000076293945,1632781900,1622843689,24326426526.670555,24.326426526670556,,,,,,,,151.44911,49.59216,13.866541,6.8756285,,,,20.112182058878993,Technology,Semiconductors,United States,28000,2018-Q2
AMD,ADVANCED MICRO DEVICES,2018-07-01 00:00:00-04:00,2018,3,7,18.329999923706055,14.800000190734863,20.18000030517578,14.739999771118164,1456419400,1622843689,29746724695.556854,29.746724695556853,,,,,,,,151.44911,49.59216,13.866541,6.8756285,,,,34.68038490884984,Technology,Semiconductors,United States,28000,2018-Q3
AMD,ADVANCED MICRO DEVICES,2018-08-01 00:00:00-04:00,2018,3,8,25.170000076293945,18.34000015258789,27.299999237060547,18.0,2201119100,1622843689,40846975775.943146,40.84697577594314,,,,,,,,151.44911,49.59216,13.866541,6.8756285,,,,93.61538520226111,Technology,Semiconductors,United States,28000,2018-Q3
AMD,ADVANCED MICRO DEVICES,2018-09-01 00:00:00-04:00,2018,3,9,30.889999389648438,25.6200008392334,34.13999938964844,25.56999969482422,3063055900,1622843689,50129640562.70482,50.12964056270482,,,,,,,,151.44911,49.59216,13.866541,6.8756285,,,,142.27450501685047,Technology,Semiconductors,United States,28000,2018-Q3
AMD,ADVANCED MICRO DEVICES,2018-10-01 00:00:00-04:00,2018,4,10,18.209999084472656,30.690000534057617,31.90999984741211,16.170000076293945,2655213100,1622843689,29551982090.932228,29.551982090932228,,,,,,,,151.44911,49.59216,13.866541,6.8756285,,,,65.69608247243761,Technology,Semiconductors,United States,28000,2018-Q4
AMD,ADVANCED MICRO DEVICES,2018-11-01 00:00:00-04:00,2018,4,11,21.299999237060547,18.40999984741211,22.219999313354492,17.18000030517578,2140346900,1622843689,34566569337.56853,34.566569337568524,,,,,,,,151.44911,49.59216,13.866541,6.8756285,,,,95.59227332918063,Technology,Semiconductors,United States,28000,2018-Q4
AMD,ADVANCED MICRO DEVICES,2018-12-01 00:00:00-05:00,2018,4,12,18.459999084472656,22.479999542236328,23.75,16.030000686645508,1981674300,1622843689,29957693013.182228,29.95769301318223,,,,,,,,151.44911,49.59216,13.866541,6.8756285,,,,79.57198019437331,Technology,Semiconductors,United States,28000,2018-Q4
AMD,ADVANCED MICRO DEVICES,2019-01-01 00:00:00-05:00,2019,1,1,24.40999984741211,18.010000228881836,25.139999389648438,16.940000534057617,2311913200,1622843689,39613614200.86371,39.61361420086371,,,,,,,,151.44911,49.59216,13.866541,6.8756285,,,,77.65647928701256,Technology,Semiconductors,United States,28000,2019-Q1
AMD,ADVANCED MICRO DEVICES,2019-02-01 00:00:00-05:00,2019,1,2,23.530000686645508,24.610000610351562,25.520000457763672,22.270000457763672,1301360800,1622843689,38185513116.48833,38.18551311648833,,,,,,,,151.44911,49.59216,13.866541,6.8756285,,,,94.30224074095219,Technology,Semiconductors,United States,28000,2019-Q1
AMD,ADVANCED MICRO DEVICES,2019-03-01 00:00:00-05:00,2019,1,3,25.520000457763672,23.969999313354492,28.110000610351562,21.040000915527344,1499160400,1622843689,41414971686.15889,41.41497168615889,,,,,,,,151.44911,49.59216,13.866541,6.8756285,,,,153.9303479943281,Technology,Semiconductors,United States,28000,2019-Q1
AMD,ADVANCED MICRO DEVICES,2019-04-01 00:00:00-04:00,2019,2,4,27.6299991607666,26.420000076293945,29.950000762939453,25.829999923706055,1275793800,1622843689,44839169765.125374,44.839169765125376,,,,,,,,151.44911,49.59216,13.866541,6.8756285,,,,153.95219549762294,Technology,Semiconductors,United States,28000,2019-Q2
AMD,ADVANCED MICRO DEVICES,2019-05-01 00:00:00-04:00,2019,2,5,27.40999984741211,28.950000762939453,29.670000076293945,26.030000686645508,1675142900,1622843689,44482145267.86371,44.48214526786371,,,,,,,,151.44911,49.59216,13.866541,6.8756285,,,,99.6358394848686,Technology,Semiconductors,United States,28000,2019-Q2
AMD,ADVANCED MICRO DEVICES,2019-06-01 00:00:00-04:00,2019,2,6,30.3700008392334,28.75,34.29999923706055,27.290000915527344,1578411200,1622843689,49285764196.874626,49.285764196874624,,,,,,,,151.44911,49.59216,13.866541,6.8756285,,,,102.60174318180115,Technology,Semiconductors,United States,28000,2019-Q2
AMD,ADVANCED MICRO DEVICES,2019-07-01 00:00:00-04:00,2019,3,7,30.450000762939453,31.790000915527344,34.86000061035156,30.100000381469727,1155469400,1622843689,49415591568.18147,49.415591568181476,,,,,,,,151.44911,49.59216,13.866541,6.8756285,,,,66.12111778330498,Technology,Semiconductors,United States,28000,2019-Q3
AMD,ADVANCED MICRO DEVICES,2019-08-01 00:00:00-04:00,2019,3,8,31.450000762939453,30.5,35.54999923706055,27.649999618530273,1645871800,1622843689,51038435257.18147,51.038435257181476,,,,,,,,151.44911,49.59216,13.866541,6.8756285,,,,24.950340356018707,Technology,Semiconductors,United States,28000,2019-Q3
AMD,ADVANCED MICRO DEVICES,2019-09-01 00:00:00-04:00,2019,3,9,28.989999771118164,30.829999923706055,32.04999923706055,28.350000381469727,1012749700,1622843689,47046238172.670555,47.046238172670556,,,,,,,,151.44911,49.59216,13.866541,6.8756285,,,,-6.1508567694144585,Technology,Semiconductors,United States,28000,2019-Q3
AMD,ADVANCED MICRO DEVICES,2019-10-01 00:00:00-04:00,2019,4,10,33.93000030517578,29.049999237060547,34.34000015258789,27.43000030517578,1067281800,1622843689,55063086863.02259,55.06308686302259,,,,,,,,151.44911,49.59216,13.866541,6.8756285,,,,86.3262054423017,Technology,Semiconductors,United States,28000,2019-Q4
AMD,ADVANCED MICRO DEVICES,2019-11-01 00:00:00-04:00,2019,4,11,39.150001525878906,34.369998931884766,41.790000915527344,34.099998474121094,1202279900,1622843689,63534332900.61295,63.53433290061295,,,,,,,,151.44911,49.59216,13.866541,6.8756285,,,,83.80283064874747,Technology,Semiconductors,United States,28000,2019-Q4
AMD,ADVANCED MICRO DEVICES,2019-12-01 00:00:00-05:00,2019,4,12,45.86000061035156,39.31999969482422,47.310001373291016,37.150001525878906,982440800,1622843689,74423612568.04518,74.42361256804519,,,,,,,,151.44911,49.59216,13.866541,6.8756285,,,,148.42905138021374,Technology,Semiconductors,United States,28000,2019-Q4
AMD,ADVANCED MICRO DEVICES,2020-01-01 00:00:00-05:00,2020,1,1,47.0,46.86000061035156,52.810001373291016,46.099998474121094,1227882000,1622843689,76273653383.0,76.273653383,,,,,,,,151.44911,49.59216,13.866541,6.8756285,,,,92.54404053174471,Technology,Semiconductors,United States,28000,2020-Q1
AMD,ADVANCED MICRO DEVICES,2020-02-01 00:00:00-05:00,2020,1,2,45.47999954223633,46.400001525878906,59.27000045776367,41.040000915527344,1283146900,1622843689,73806930232.84111,73.80693023284111,,,,,,,,151.44911,49.59216,13.866541,6.8756285,,,,93.28516028496583,Technology,Semiconductors,United States,28000,2020-Q1
AMD,ADVANCED MICRO DEVICES,2020-03-01 00:00:00-05:00,2020,1,3,45.47999954223633,47.41999816894531,50.20000076293945,36.75,2095887300,1622843689,73806930232.84111,73.80693023284111,,,,,,,,151.44911,49.59216,13.866541,6.8756285,,,,78.2131611537665,Technology,Semiconductors,United States,28000,2020-Q1
AMD,ADVANCED MICRO DEVICES,2020-04-01 00:00:00-04:00,2020,2,4,52.38999938964844,44.18000030517578,58.630001068115234,41.70000076293945,1714615700,1622843689,85020779876.20482,85.02077987620481,,,,,,,,151.44911,49.59216,13.866541,6.8756285,,,,89.61274332588458,Technology,Semiconductors,United States,28000,2020-Q2
AMD,ADVANCED MICRO DEVICES,2020-05-01 00:00:00-04:00,2020,2,5,53.79999923706055,51.06999969482422,56.97999954223633,49.09000015258789,1192698100,1622843689,87308989230.06853,87.30898923006853,,,,,,,,151.44911,49.59216,13.866541,6.8756285,,,,96.27872869959182,Technology,Semiconductors,United States,28000,2020-Q2
AMD,ADVANCED MICRO DEVICES,2020-06-01 00:00:00-04:00,2020,2,6,52.61000061035156,53.310001373291016,59.0,48.41999816894531,1174606200,1622843689,85377807468.79518,85.37780746879518,,,,,,,,151.44911,49.59216,13.866541,6.8756285,,,,73.23015856617128,Technology,Semiconductors,United States,28000,2020-Q2
AMD,ADVANCED MICRO DEVICES,2020-07-01 00:00:00-04:00,2020,3,7,77.43000030517578,52.630001068115234,78.95999908447266,51.599998474121094,1563684800,1622843689,125656787334.52258,125.65678733452258,,,,,,,,151.44911,49.59216,13.866541,6.8756285,,,,154.28570891668238,Technology,Semiconductors,United States,28000,2020-Q3
AMD,ADVANCED MICRO DEVICES,2020-08-01 00:00:00-04:00,2020,3,8,90.81999969482422,78.19000244140625,92.63999938964844,76.0999984741211,1220335300,1622843689,147386663339.72742,147.38666333972742,,,,,,,,151.44911,49.59216,13.866541,6.8756285,,,,188.77582668247862,Technology,Semiconductors,United States,28000,2020-Q3
AMD,ADVANCED MICRO DEVICES,2020-09-01 00:00:00-04:00,2020,3,9,81.98999786376953,91.91999816894531,94.27999877929688,73.8499984741211,1168263000,1622843689,133056950594.34186,133.05695059434186,,,,,,,,151.44911,49.59216,13.866541,6.8756285,,,,182.82165750637094,Technology,Semiconductors,United States,28000,2020-Q3
AMD,ADVANCED MICRO DEVICES,2020-10-01 00:00:00-04:00,2020,4,10,75.29000091552734,83.05999755859375,88.72000122070312,74.2300033569336,1181118000,1622843689,122183902830.56778,122.18390283056777,,,,,,,,151.44911,49.59216,13.866541,6.8756285,,,,121.89802604877191,Technology,Semiconductors,United States,28000,2020-Q4
AMD,ADVANCED MICRO DEVICES,2020-11-01 00:00:00-04:00,2020,4,11,92.66000366210938,75.8499984741211,92.73999786376953,73.76000213623047,907041400,1622843689,150372702165.7711,150.37270216577107,,,,,,,,151.44911,49.59216,13.866541,6.8756285,,,,136.67943818816798,Technology,Semiconductors,United States,28000,2020-Q4
AMD,ADVANCED MICRO DEVICES,2020-12-01 00:00:00-05:00,2020,4,12,91.70999908447266,92.25,97.9800033569336,89.02999877929688,848701400,1622843689,148830993232.43222,148.83099323243223,,,,,,,,151.44911,49.59216,13.866541,6.8756285,,,,99.97818984714925,Technology,Semiconductors,United States,28000,2020-Q4
AMD,ADVANCED MICRO DEVICES,2021-01-01 00:00:00-05:00,2021,1,1,85.63999938964844,92.11000061035156,99.2300033569336,85.0199966430664,997848700,1622843689,138980332535.45483,138.98033253545483,,,,,,,,151.44911,49.59216,13.866541,6.8756285,,,,82.21276465882647,Technology,Semiconductors,United States,28000,2021-Q1
AMD,ADVANCED MICRO DEVICES,2021-02-01 00:00:00-05:00,2021,1,2,84.51000213623047,86.83000183105469,94.22000122070312,79.36000061035156,734954400,1622843689,137146523624.15814,137.14652362415814,,,,,,,,151.44911,49.59216,13.866541,6.8756285,,,,85.81794851987145,Technology,Semiconductors,United States,28000,2021-Q1
AMD,ADVANCED MICRO DEVICES,2021-03-01 00:00:00-05:00,2021,1,3,78.5,85.37000274658203,86.94999694824219,73.86000061035156,1008228800,1622843689,127393229586.5,127.3932295865,,,,,,,,151.44911,49.59216,13.866541,6.8756285,,,,72.60334386568911,Technology,Semiconductors,United States,28000,2021-Q1
AMD,ADVANCED MICRO DEVICES,2021-04-01 00:00:00-04:00,2021,2,4,81.62000274658203,80.16000366210938,89.19999694824219,77.94000244140625,986273800,1622843689,132456506353.45331,132.4565063534533,,,,,,,,151.44911,49.59216,13.866541,6.8756285,,,,55.79309734198823,Technology,Semiconductors,United States,28000,2021-Q2
AMD,ADVANCED MICRO DEVICES,2021-05-01 00:00:00-04:00,2021,2,5,80.08000183105469,81.97000122070312,82.0,72.5,892921300,1622843689,129957325586.63554,129.95732558663553,,,,,,,,151.44911,49.59216,13.866541,6.8756285,,,,48.847589157382274,Technology,Semiconductors,United States,28000,2021-Q2
AMD,ADVANCED MICRO DEVICES,2021-06-01 00:00:00-04:00,2021,2,6,93.93000030517578,81.01000213623047,94.33999633789062,78.95999908447266,812057600,1622843689,152433708203.02258,152.43370820302258,,,,,,,,151.44911,49.59216,13.866541,6.8756285,,,,78.54019999135693,Technology,Semiconductors,United States,28000,2021-Q2
AMD,ADVANCED MICRO DEVICES,2021-07-01 00:00:00-04:00,2021,3,7,106.19000244140625,94.04000091552734,106.97000122070312,84.23999786376953,1138187300,1622843689,172329775296.93073,172.32977529693073,,,,,,,,151.44911,49.59216,13.866541,6.8756285,,,,37.14322875226441,Technology,Semiconductors,United States,28000,2021-Q3
AMD,ADVANCED MICRO DEVICES,2021-08-01 00:00:00-04:00,2021,3,8,110.72000122070312,105.93000030517578,122.48999786376953,101.9800033569336,1998312900,1622843689,179681255227.09036,179.68125522709036,,,,,,,,151.44911,49.59216,13.866541,6.8756285,,,,21.911474997519733,Technology,Semiconductors,United States,28000,2021-Q3
AMD,ADVANCED MICRO DEVICES,2021-09-01 00:00:00-04:00,2021,3,9,102.9000015258789,111.30000305175781,111.8499984741211,99.51000213623047,867104200,1622843689,166990618074.36295,166.99061807436294,,,,,,,,151.44911,49.59216,13.866541,6.8756285,,,,25.503115266391863,Technology,Semiconductors,United States,28000,2021-Q3
AMD,ADVANCED MICRO DEVICES,2021-10-01 00:00:00-04:00,2021,4,10,120.2300033569336,102.5999984741211,128.0800018310547,99.81999969482422,930236100,1622843689,195114502176.2485,195.1145021762485,,,,,,,,151.44911,49.59216,13.866541,6.8756285,,,,59.68920427006941,Technology,Semiconductors,United States,28000,2021-Q4
AMD,ADVANCED MICRO DEVICES,2021-11-01 00:00:00-04:00,2021,4,11,158.3699951171875,119.44999694824219,164.4600067138672,118.12999725341797,1373609400,1622843689,257009747102.88855,257.0097471028885,,,,,,,,151.44911,49.59216,13.866541,6.8756285,,,,70.91516172899561,Technology,Semiconductors,United States,28000,2021-Q4
AMD,ADVANCED MICRO DEVICES,2021-12-01 00:00:00-05:00,2021,4,12,143.89999389648438,160.3699951171875,160.8800048828125,130.60000610351562,1175493900,1622843689,233527196942.0482,233.5271969420482,,,,,,,,151.44911,49.59216,13.866541,6.8756285,,,,56.90763857051218,Technology,Semiconductors,United States,28000,2021-Q4
AMD,ADVANCED MICRO DEVICES,2022-01-01 00:00:00-05:00,2022,1,1,114.25,145.13999938964844,152.4199981689453,99.3499984741211,1638612600,1622843689,185409891468.25,185.40989146825,,,,,,,,151.44911,49.59216,13.866541,6.8756285,,,,33.407287265592544,Technology,Semiconductors,United States,28000,2022-Q1
AMD,ADVANCED MICRO DEVICES,2022-02-01 00:00:00-05:00,2022,1,2,123.33999633789062,116.75,132.9600067138672,104.26000213623047,2293656000,1622843689,200161534658.2289,200.1615346582289,,,,,,,,151.44911,49.59216,13.866541,6.8756285,,,,45.94721715787682,Technology,Semiconductors,United States,28000,2022-Q1
AMD,ADVANCED MICRO DEVICES,2022-03-01 00:00:00-05:00,2022,1,3,109.33999633789062,122.33000183105469,125.66999816894531,100.08000183105469,2460278900,1622843689,177441723012.2289,177.44172301222892,,,,,,,,151.44911,49.59216,13.866541,6.8756285,,,,39.28661953871418,Technology,Semiconductors,United States,28000,2022-Q1
AMD,ADVANCED MICRO DEVICES,2022-04-01 00:00:00-04:00,2022,2,4,85.5199966430664,110.4800033569336,111.41999816894531,84.0199966430664,1719017900,1622843689,138785586835.5015,138.7855868355015,,,,,,,,151.44911,49.59216,13.866541,6.8756285,,,,4.778232988539921,Technology,Semiconductors,United States,28000,2022-Q2
AMD,ADVANCED MICRO DEVICES,2022-05-01 00:00:00-04:00,2022,2,5,101.86000061035156,85.66000366210938,104.55000305175781,83.2699966430664,2898334400,1622843689,165302859152.04517,165.30285915204516,,,,,,,,151.44911,49.59216,13.866541,6.8756285,,,,27.197800051561273,Technology,Semiconductors,United States,28000,2022-Q2
AMD,ADVANCED MICRO DEVICES,2022-06-01 00:00:00-04:00,2022,2,6,76.47000122070312,102.12999725341797,109.56999969482422,75.4800033569336,2030987200,1622843689,124098858878.84036,124.09885887884036,,,,,,,,151.44911,49.59216,13.866541,6.8756285,,,,-18.58830940886366,Technology,Semiconductors,United States,28000,2022-Q2
AMD,ADVANCED MICRO DEVICES,2022-07-01 00:00:00-04:00,2022,3,7,94.47000122070312,75.19000244140625,94.80999755859375,71.5999984741211,1633255900,1622843689,153310045280.84036,153.31004528084037,,,,,,,,151.44911,49.59216,13.866541,6.8756285,,,,-11.036821688717835,Technology,Semiconductors,United States,28000,2022-Q3
AMD,ADVANCED MICRO DEVICES,2022-08-01 00:00:00-04:00,2022,3,8,84.87000274658203,95.58999633789062,104.58999633789062,83.72000122070312,1801038400,1622843689,137730748342.7033,137.73074834270332,,,,,,,,151.44911,49.59216,13.866541,6.8756285,,,,-23.347180445376924,Technology,Semiconductors,United States,28000,2022-Q3
AMD,ADVANCED MICRO DEVICES,2022-09-01 00:00:00-04:00,2022,3,9,63.36000061035156,82.3499984741211,85.68000030517578,62.83000183105469,1677508600,1622843689,102823377125.54518,102.82337712554518,,,,,,,,151.44911,49.59216,13.866541,6.8756285,,,,-38.42565629659704,Technology,Semiconductors,United States,28000,2022-Q3
AMD,ADVANCED MICRO DEVICES,2022-10-01 00:00:00-04:00,2022,4,10,60.060001373291016,64.45999908447266,70.29000091552734,54.56999969482422,1961500500,1622843689,97467994189.97665,97.46799418997665,,,,,,,,151.44911,49.59216,13.866541,6.8756285,,,,-50.04574590671225,Technology,Semiconductors,United States,28000,2022-Q4
AMD,ADVANCED MICRO DEVICES,2022-11-01 00:00:00-04:00,2022,4,11,77.62999725341797,61.4900016784668,79.16000366210938,58.029998779296875,1681532600,1622843689,125981351119.79669,125.9813511197967,,,,,,,,151.44911,49.59216,13.866541,6.8756285,,,,-50.98187810388271,Technology,Semiconductors,United States,28000,2022-Q4
AMD,ADVANCED MICRO DEVICES,2022-12-01 00:00:00-05:00,2022,4,12,64.7699966430664,78.30999755859375,79.2300033569336,61.959999084472656,1149724900,1622843689,105111580288.7515,105.1115802887515,,,,,,,,151.44911,49.59216,13.866541,6.8756285,,,,-54.98957651821777,Technology,Semiconductors,United States,28000,2022-Q4
AMD,ADVANCED MICRO DEVICES,2023-01-01 00:00:00-05:00,2023,1,1,75.1500015258789,66.0,77.08000183105469,60.04999923706055,1081467000,1622843689,121956705704.61295,121.95670570461294,,,,,,,,151.44911,49.59216,13.866541,6.8756285,,,,-34.22319341279746,Technology,Semiconductors,United States,28000,2023-Q1
AMD,ADVANCED MICRO DEVICES,2023-02-01 00:00:00-05:00,2023,1,2,78.58000183105469,78.47000122070312,88.94000244140625,75.91999816894531,1145820100,1622843689,127523060053.13554,127.52306005313554,,,,,,,,151.44911,49.59216,13.866541,6.8756285,,,,-36.2899268978537,Technology,Semiconductors,United States,28000,2023-Q1
AMD,ADVANCED MICRO DEVICES,2023-03-01 00:00:00-05:00,2023,1,3,98.01000213623047,78.55000305175781,102.43000030517578,76.6500015258789,1656082900,1622843689,159054913425.65814,159.05491342565813,,,,,,,,151.44911,49.59216,13.866541,6.8756285,,,,-10.362168082251767,Technology,Semiconductors,United States,28000,2023-Q1
AMD,ADVANCED MICRO DEVICES,2023-04-01 00:00:00-04:00,2023,2,4,89.37000274658203,96.69999694824219,97.2699966430664,83.76000213623047,895569200,1622843689,145033544943.2033,145.0335449432033,,,,,,,,151.44911,49.59216,13.866541,6.8756285,,,,4.501878221048505,Technology,Semiconductors,United States,28000,2023-Q2
AMD,ADVANCED MICRO DEVICES,2023-05-01 00:00:00-04:00,2023,2,5,118.20999908447266,91.02999877929688,130.7899932861328,81.0199966430664,1763501900,1622843689,191836350990.93222,191.83635099093223,,,,,,,,151.44911,49.59216,13.866541,6.8756285,,,,16.051441563077628,Technology,Semiconductors,United States,28000,2023-Q2
AMD,ADVANCED MICRO DEVICES,2023-06-01 00:00:00-04:00,2023,2,6,113.91000366210938,117.29000091552734,132.8300018310547,107.08000183105469,1542984600,1622843689,184858130557.0211,184.8581305570211,,,,,,,,151.44911,49.59216,13.866541,6.8756285,,,,48.96037902935186,Technology,Semiconductors,United States,28000,2023-Q2
AMD,ADVANCED MICRO DEVICES,2023-07-01 00:00:00-04:00,2023,3,7,114.4000015258789,115.16000366210938,122.12000274658203,108.55000305175781,1141976800,1622843689,185653320497.86295,185.65332049786295,,,,,,,,151.44911,49.59216,13.866541,6.8756285,,,,21.09664448782511,Technology,Semiconductors,United States,28000,2023-Q3
AMD,ADVANCED MICRO DEVICES,2023-08-01 00:00:00-04:00,2023,3,8,105.72000122070312,114.26000213623047,119.5,99.58000183105469,1571438600,1622843689,171567036782.09036,171.56703678209036,,,,,,,,151.44911,49.59216,13.866541,6.8756285,,,,24.566982207339194,Technology,Semiconductors,United States,28000,2023-Q3
AMD,ADVANCED MICRO DEVICES,2023-09-01 00:00:00-04:00,2023,3,9,102.81999969482422,107.0,111.81999969482422,94.45999908447266,1044490600,1622843689,166860787607.72742,166.86078760772742,,,,,,,,151.44911,49.59216,13.866541,6.8756285,,,,62.27903835914075,Technology,Semiconductors,United States,28000,2023-Q3
AMD,ADVANCED MICRO DEVICES,2023-10-01 00:00:00-04:00,2023,4,10,98.5,102.20999908447266,111.30999755859375,93.12000274658203,1160990100,1622843689,159850103366.5,159.8501033665,,,,,,,,151.44911,49.59216,13.866541,6.8756285,,,,64.00266025269099,Technology,Semiconductors,United States,28000,2023-Q4
AMD,ADVANCED MICRO DEVICES,2023-11-01 00:00:00-04:00,2023,4,11,121.16000366210938,98.58000183105469,125.7300033569336,98.5,1116347700,1622843689,196623747302.2711,196.62374730227108,,,,,,,,151.44911,49.59216,13.866541,6.8756285,,,,56.07369309390877,Technology,Semiconductors,United States,28000,2023-Q4
AMD,ADVANCED MICRO DEVICES,2023-12-01 00:00:00-05:00,2023,4,12,147.41000366210938,119.87999725341797,151.0500030517578,116.37000274658203,1280195500,1622843689,239223394138.5211,239.2233941385211,,,,,,,,151.44911,49.59216,13.866541,6.8756285,,,,127.58995106091233,Technology,Semiconductors,United States,28000,2023-Q4
AMD,ADVANCED MICRO DEVICES,2024-01-01 00:00:00-05:00,2024,1,1,167.69000244140625,144.27999877929688,184.9199981689453,133.74000549316406,1956510100,1622843689,272134662170.43073,272.1346621704307,,,,,,,,151.44911,49.59216,13.866541,6.8756285,,,,123.14038461284657,Technology,Semiconductors,United States,28000,2024-Q1
AMD,ADVANCED MICRO DEVICES,2024-02-01 00:00:00-05:00,2024,1,2,192.52999877929688,169.27000427246094,193.0,161.80999755859375,1271419300,1622843689,312446093462.15967,312.4460934621597,,,,,,,,151.44911,49.59216,13.866541,6.8756285,,,,145.01144603334603,Technology,Semiconductors,United States,28000,2024-Q1
AMD,ADVANCED MICRO DEVICES,2024-03-01 00:00:00-05:00,2024,1,3,180.49000549316406,197.91000366210938,227.3000030517578,172.0,1528117700,1622843689,292907066342.1566,292.9070663421566,,,,,,,,151.44911,49.59216,13.866541,6.8756285,,,,84.1546796849257,Technology,Semiconductors,United States,28000,2024-Q1
AMD,ADVANCED MICRO DEVICES,2024-04-01 00:00:00-04:00,2024,2,4,158.3800048828125,180.10000610351562,187.24000549316406,145.2899932861328,1243116700,1622843689,257025991387.86145,257.02599138786144,5835000000.0,5835.0,2864000000.0,265000000.0,269000000.0,1093000000.0,11.012253272830396,151.44911,49.59216,13.866541,6.8756285,,,,77.21830593640635,Technology,Semiconductors,United States,28000,2024-Q2
AMD,ADVANCED MICRO DEVICES,2024-05-01 00:00:00-04:00,2024,2,5,166.89999389648438,148.11000061035156,174.5500030517578,141.16000366210938,1119411100,1622843689,270852601789.0482,270.8526017890482,5835000000.0,5835.0,2864000000.0,265000000.0,269000000.0,1093000000.0,11.604653032949793,151.44911,49.59216,13.866541,6.8756285,,0.0,,41.18940460968783,Technology,Semiconductors,United States,28000,2024-Q2
AMD,ADVANCED MICRO DEVICES,2024-06-01 00:00:00-04:00,2024,2,6,162.2100067138672,170.82000732421875,171.0800018310547,153.33999633789062,959157900,1622843689,263241485688.247,263.241485688247,5835000000.0,5835.0,2864000000.0,265000000.0,269000000.0,1093000000.0,11.278555513635261,151.44911,49.59216,13.866541,6.8756285,,0.0,,42.40189754977961,Technology,Semiconductors,United States,28000,2024-Q2
AMD,ADVANCED MICRO DEVICES,2024-07-01 00:00:00-04:00,2024,3,7,144.47999572753906,161.25,187.27999877929688,134.0500030517578,1243397700,1622843689,234468449253.18372,234.4684492531837,6819000000.0,6819.0,3419000000.0,771000000.0,724000000.0,1598000000.0,8.59614493522451,151.44911,49.59216,13.866541,6.8756285,,16.863753213367616,,26.293700874519345,Technology,Semiconductors,United States,28000,2024-Q3
AMD,ADVANCED MICRO DEVICES,2024-08-01 00:00:00-04:00,2024,3,8,148.55999755859375,145.0,162.0399932861328,121.83000183105469,1101975100,1622843689,241089654475.81927,241.0896544758193,6819000000.0,6819.0,3419000000.0,771000000.0,724000000.0,1598000000.0,8.838893330247076,151.44911,49.59216,13.866541,6.8756285,,0.0,16.863753213367616,40.522130006844236,Technology,Semiconductors,United States,28000,2024-Q3
AMD,ADVANCED MICRO DEVICES,2024-09-01 00:00:00-04:00,2024,3,9,164.0800018310547,146.41000366210938,168.72999572753906,132.11000061035156,659948700,1622843689,266276195462.63556,266.27619546263554,6819000000.0,6819.0,3419000000.0,771000000.0,724000000.0,1598000000.0,9.762289025613564,151.44911,49.59216,13.866541,6.8756285,,0.0,16.863753213367616,59.57985053302251,Technology,Semiconductors,United States,28000,2024-Q3
AMD,ADVANCED MICRO DEVICES,2024-10-01 00:00:00-04:00,2024,4,10,144.07000732421875,164.47999572753906,174.0500030517578,143.3300018310547,900788500,1622843689,233803102160.29218,233.80310216029218,7658000000.0,7658.0,3882000000.0,482000000.0,1057000000.0,1694000000.0,7.6326424053373,151.44911,49.59216,13.866541,6.8756285,,12.303856870508877,31.242502142245065,46.26396682661802,Technology,Semiconductors,United States,28000,2024-Q4
AMD,ADVANCED MICRO DEVICES,2024-11-01 00:00:00-04:00,2024,4,11,137.17999267578125,144.44000244140625,150.7100067138672,132.9600067138672,611536700,1622843689,222621685370.95782,222.62168537095783,7658000000.0,7658.0,3882000000.0,482000000.0,1057000000.0,1694000000.0,7.267618352407869,151.44911,49.59216,13.866541,6.8756285,,0.0,12.303856870508877,13.222176072516767,Technology,Semiconductors,United States,28000,2024-Q4
AMD,ADVANCED MICRO DEVICES,2024-12-01 00:00:00-05:00,2024,4,12,120.79000091552734,137.9199981689453,144.1199951171875,117.9000015258789,814343000,1622843689,196023290680.06778,196.0232906800678,7658000000.0,7658.0,3882000000.0,482000000.0,1057000000.0,1694000000.0,6.399297815358703,151.44911,49.59216,13.866541,6.8756285,,0.0,12.303856870508877,-18.058477773055305,Technology,Semiconductors,United States,28000,2024-Q4
AMD,ADVANCED MICRO DEVICES,2025-01-01 00:00:00-05:00,2025,1,1,115.94999694824219,122.29000091552734,131.7100067138672,112.80000305175781,779088400,1622843689,188168720787.0241,188.1687207870241,7438000000.0,7438.0,3736000000.0,709000000.0,806000000.0,1587000000.0,6.324573836616836,151.44911,49.59216,13.866541,6.8756285,,-2.8728127448419905,9.07757735738377,-30.854555870880198,Technology,Semiconductors,United States,28000,2025-Q1
AMD,ADVANCED MICRO DEVICES,2025-02-01 00:00:00-05:00,2025,1,2,99.86000061035156,113.87999725341797,119.8499984741211,98.69000244140625,798519600,1622843689,162057171774.04517,162.05717177404517,7438000000.0,7438.0,3736000000.0,709000000.0,806000000.0,1587000000.0,5.446933711146987,151.44911,49.59216,13.866541,6.8756285,,0.0,-2.8728127448419905,-48.13275788526641,Technology,Semiconductors,United States,28000,2025-Q1
AMD,ADVANCED MICRO DEVICES,2025-03-01 00:00:00-05:00,2025,1,3,102.73999786376953,101.5199966430664,115.9000015258789,94.7300033569336,721274200,1622843689,166730957141.09186,166.73095714109186,7438000000.0,7438.0,3736000000.0,709000000.0,806000000.0,1587000000.0,5.6040251795204306,151.44911,49.59216,13.866541,6.8756285,,0.0,-2.8728127448419905,-43.07718170707201,Technology,Semiconductors,United States,28000,2025-Q1
AMD,ADVANCED MICRO DEVICES,2025-04-01 00:00:00-04:00,2025,2,4,97.3499984741211,102.16000366210938,104.19000244140625,76.4800033569336,936362700,1622843689,157983830647.88705,157.98383064788706,7685000000.0,7685.0,3059000000.0,872000000.0,-134000000.0,721000000.0,5.139356885097172,151.44911,49.59216,13.866541,6.8756285,,3.3207851573003433,0.3525724732306168,-38.53390865459837,Technology,Semiconductors,United States,28000,2025-Q2
AMD,ADVANCED MICRO DEVICES,2025-05-01 00:00:00-04:00,2025,2,5,110.7300033569336,99.2699966430664,122.5199966430664,96.44999694824219,910142900,1622843689,179697487130.7485,179.6974871307485,7685000000.0,7685.0,3059000000.0,872000000.0,-134000000.0,721000000.0,5.845721767428383,151.44911,49.59216,13.866541,6.8756285,,0.0,3.3207851573003433,-33.654878725992546,Technology,Semiconductors,United States,28000,2025-Q2
AMD,ADVANCED MICRO DEVICES,2025-06-01 00:00:00-04:00,2025,2,6,141.89999389648438,111.05999755859375,147.75,111.01000213623047,1075783700,1622843689,230281509564.0482,230.28150956404818,7685000000.0,7685.0,3059000000.0,872000000.0,-134000000.0,721000000.0,7.491265763306707,151.44911,49.59216,13.866541,6.8756285,,0.0,3.3207851573003433,-12.520813745608784,Technology,Semiconductors,United States,28000,2025-Q2
AMD,ADVANCED MICRO DEVICES,2025-07-01 00:00:00-04:00,2025,3,7,176.30999755859375,138.77000427246094,182.5,133.5,1186301600,1622843689,286123566845.5693,286.12356684556926,,,,,,,,151.44911,49.59216,13.866541,6.8756285,,0.0,3.3207851573003433,22.030732815828593,Technology,Semiconductors,United States,28000,2025-Q3
AMD,ADVANCED MICRO DEVICES,2025-08-01 00:00:00-04:00,2025,3,8,162.6300048828125,170.16000366210938,186.64999389648438,157.8000030517578,1305775000,1622843689,263923077066.11145,263.92307706611143,,,,,,,,151.44911,49.59216,13.866541,6.8756285,,0.0,0.0,9.470925925849837,Technology,Semiconductors,United States,28000,2025-Q3
AMD,ADVANCED MICRO DEVICES,2025-09-01 00:00:00-04:00,2025,3,9,161.7899932861328,158.4199981689453,165.10000610351562,149.22000122070312,915555100,1622843689,262559869547.753,262.559869547753,,,,,,,,151.44911,49.59216,13.866541,6.8756285,,0.0,0.0,-1.3956658455427151,Technology,Semiconductors,United States,28000,2025-Q3
AMD,ADVANCED MICRO DEVICES,2025-10-01 00:00:00-04:00,2025,4,10,252.9199981689453,160.92999267578125,253.38999938964844,160.49000549316406,1588245973,1622843689,410449622850.36444,410.44962285036445,,,,,,,,151.44911,49.59216,13.866541,6.8756285,,0.0,0.0,75.55354016174083,Technology,Semiconductors,United States,28000,2025-Q4
