ticker,company_name,date,year,quarter,month,close_price,open_price,high_price,low_price,volume,shares_outstanding,market_cap,market_cap_billions,revenue,revenue_millions,gross_profit,net_income,operating_income,ebitda,ps_ratio,current_pe,forward_pe,current_ps,current_pb,peg_ratio,revenue_qoq_pct,revenue_yoy_pct,market_cap_yoy_pct,sector,industry,country,employees,year_quarter
AMZN,AMAZON.COM INC,2015-01-01 00:00:00-05:00,2015,1,1,17.726499557495117,15.628999710083008,17.975000381469727,14.262499809265137,2061142000,10664912097,189051559568.19482,189.05155956819482,,,,,,,,34.38473,36.62114,3.5847988,7.192999,,,,,Consumer Cyclical,Internet Retail,United States,1546000,2015-Q1
AMZN,AMAZON.COM INC,2015-02-01 00:00:00-05:00,2015,1,2,19.007999420166016,17.502500534057617,19.4685001373291,17.500499725341797,1416924000,10664912097,202718642955.89752,202.7186429558975,,,,,,,,34.38473,36.62114,3.5847988,7.192999,,,,,Consumer Cyclical,Internet Retail,United States,1546000,2015-Q1
AMZN,AMAZON.COM INC,2015-03-01 00:00:00-05:00,2015,1,3,18.604999542236328,19.042499542236328,19.42099952697754,18.282499313354492,1110056000,10664912097,198420684682.6757,198.4206846826757,,,,,,,,34.38473,36.62114,3.5847988,7.192999,,,,,Consumer Cyclical,Internet Retail,United States,1546000,2015-Q1
AMZN,AMAZON.COM INC,2015-04-01 00:00:00-04:00,2015,2,4,21.089000701904297,18.604999542236328,22.63249969482422,18.41699981689453,1688096000,10664912097,224912338699.3806,224.91233869938063,,,,,,,,34.38473,36.62114,3.5847988,7.192999,,,,,Consumer Cyclical,Internet Retail,United States,1546000,2015-Q2
AMZN,AMAZON.COM INC,2015-05-01 00:00:00-04:00,2015,2,5,21.46150016784668,21.19099998474121,21.950000762939453,20.727500915527344,1039660000,10664912097,228885012759.83557,228.88501275983558,,,,,,,,34.38473,36.62114,3.5847988,7.192999,,,,,Consumer Cyclical,Internet Retail,United States,1546000,2015-Q2
AMZN,AMAZON.COM INC,2015-06-01 00:00:00-04:00,2015,2,6,21.704500198364258,21.520000457763672,22.351999282836914,20.957000732421875,1099750000,10664912097,231476586724.87387,231.47658672487387,,,,,,,,34.38473,36.62114,3.5847988,7.192999,,,,,Consumer Cyclical,Internet Retail,United States,1546000,2015-Q2
AMZN,AMAZON.COM INC,2015-07-01 00:00:00-04:00,2015,3,7,26.8075008392334,21.967500686645508,29.028499603271484,21.278499603271484,2041400000,10664912097,285899639990.6779,285.89963999067794,,,,,,,,34.38473,36.62114,3.5847988,7.192999,,,,,Consumer Cyclical,Internet Retail,United States,1546000,2015-Q3
AMZN,AMAZON.COM INC,2015-08-01 00:00:00-04:00,2015,3,8,25.644500732421875,26.872499465942383,27.136999130249023,22.549999237060547,1657264000,10664912097,273496346082.7314,273.4963460827314,,,,,,,,34.38473,36.62114,3.5847988,7.192999,,,,,Consumer Cyclical,Internet Retail,United States,1546000,2015-Q3
AMZN,AMAZON.COM INC,2015-09-01 00:00:00-04:00,2015,3,9,25.594499588012695,24.957000732421875,27.48900032043457,24.524999618530273,1535378000,10664912097,272963088272.85812,272.9630882728581,,,,,,,,34.38473,36.62114,3.5847988,7.192999,,,,,Consumer Cyclical,Internet Retail,United States,1546000,2015-Q3
AMZN,AMAZON.COM INC,2015-10-01 00:00:00-04:00,2015,4,10,31.295000076293945,25.549999237060547,31.535999298095703,25.299999237060547,1942522000,10664912097,333758424889.2832,333.7584248892832,,,,,,,,34.38473,36.62114,3.5847988,7.192999,,,,,Consumer Cyclical,Internet Retail,United States,1546000,2015-Q4
AMZN,AMAZON.COM INC,2015-11-01 00:00:00-04:00,2015,4,11,33.2400016784668,31.35650062561035,34.13850021362305,31.02050018310547,1746098000,10664912097,354501696004.98083,354.50169600498083,,,,,,,,34.38473,36.62114,3.5847988,7.192999,,,,,Consumer Cyclical,Internet Retail,United States,1546000,2015-Q4
AMZN,AMAZON.COM INC,2015-12-01 00:00:00-05:00,2015,4,12,33.794498443603516,33.6875,34.821998596191406,31.763500213623047,1803750000,10664912097,360415355263.2348,360.4153552632348,,,,,,,,34.38473,36.62114,3.5847988,7.192999,,,,,Consumer Cyclical,Internet Retail,United States,1546000,2015-Q4
AMZN,AMAZON.COM INC,2016-01-01 00:00:00-05:00,2016,1,1,29.350000381469727,32.81449890136719,32.88600158691406,27.358999252319336,2604018000,10664912097,313015174115.2911,313.0151741152911,,,,,,,,34.38473,36.62114,3.5847988,7.192999,,,,65.57132606059248,Consumer Cyclical,Internet Retail,United States,1546000,2016-Q1
AMZN,AMAZON.COM INC,2016-02-01 00:00:00-05:00,2016,1,2,27.625999450683594,28.907499313354492,29.09000015258789,23.700000762939453,2482896000,10664912097,294628855733.3108,294.6288557333108,,,,,,,,34.38473,36.62114,3.5847988,7.192999,,,,45.338806257404165,Consumer Cyclical,Internet Retail,United States,1546000,2016-Q1
AMZN,AMAZON.COM INC,2016-03-01 00:00:00-05:00,2016,1,3,29.68199920654297,27.81450080871582,30.16200065612793,26.929000854492188,1880190000,10664912097,316555912401.0045,316.5559124010045,,,,,,,,34.38473,36.62114,3.5847988,7.192999,,,,59.53775832759403,Consumer Cyclical,Internet Retail,United States,1546000,2016-Q1
AMZN,AMAZON.COM INC,2016-04-01 00:00:00-04:00,2016,2,4,32.97949981689453,29.524499893188477,33.499000549316406,29.262500762939453,1569284000,10664912097,351723466550.20776,351.7234665502078,,,,,,,,34.38473,36.62114,3.5847988,7.192999,,,,56.382468202566585,Consumer Cyclical,Internet Retail,United States,1546000,2016-Q2
AMZN,AMAZON.COM INC,2016-05-01 00:00:00-04:00,2016,2,5,36.13949966430664,33.19599914550781,36.21149826049805,32.79999923706055,1812290000,10664912097,385424587149.39136,385.42458714939136,,,,,,,,34.38473,36.62114,3.5847988,7.192999,,,,68.39223438094201,Consumer Cyclical,Internet Retail,United States,1546000,2016-Q2
AMZN,AMAZON.COM INC,2016-06-01 00:00:00-04:00,2016,2,6,35.78099822998047,36.04499816894531,36.57500076293945,34.10599899291992,1490818000,10664912097,381601200865.6543,381.6012008656543,,,,,,,,34.38473,36.62114,3.5847988,7.192999,,,,64.85520469472536,Consumer Cyclical,Internet Retail,United States,1546000,2016-Q2
AMZN,AMAZON.COM INC,2016-07-01 00:00:00-04:00,2016,3,7,37.94049835205078,35.86600112915039,38.29999923706055,35.82699966430664,1372710000,10664912097,404632079840.99493,404.63207984099495,,,,,,,,34.38473,36.62114,3.5847988,7.192999,,,,41.52941215812249,Consumer Cyclical,Internet Retail,United States,1546000,2016-Q3
AMZN,AMAZON.COM INC,2016-08-01 00:00:00-04:00,2016,3,8,38.45800018310547,37.993499755859375,38.749000549316406,37.51750183105469,1000008000,10664912097,410151191379.22974,410.1511913792297,,,,,,,,34.38473,36.62114,3.5847988,7.192999,,,,49.96587605421274,Consumer Cyclical,Internet Retail,United States,1546000,2016-Q3
AMZN,AMAZON.COM INC,2016-09-01 00:00:00-04:00,2016,3,9,41.865501403808594,38.54499816894531,41.997501373291016,37.79999923706055,1346714000,10664912097,446491892368.4487,446.4918923684487,,,,,,,,34.38473,36.62114,3.5847988,7.192999,,,,63.5722599687649,Consumer Cyclical,Internet Retail,United States,1546000,2016-Q3
AMZN,AMAZON.COM INC,2016-10-01 00:00:00-04:00,2016,4,10,39.49100112915039,41.79999923706055,42.36050033569336,38.730499267578125,1541276000,10664912097,421168055664.9167,421.16805566491666,,,,,,,,34.38473,36.62114,3.5847988,7.192999,,,,26.189490438969344,Consumer Cyclical,Internet Retail,United States,1546000,2016-Q4
AMZN,AMAZON.COM INC,2016-11-01 00:00:00-04:00,2016,4,11,37.528499603271484,39.95000076293945,40.04199981689453,35.505001068115234,2201718000,10664912097,400238149401.18976,400.23814940118973,,,,,,,,34.38473,36.62114,3.5847988,7.192999,,,,12.901617654197706,Consumer Cyclical,Internet Retail,United States,1546000,2016-Q4
AMZN,AMAZON.COM INC,2016-12-01 00:00:00-05:00,2016,4,12,37.493499755859375,37.62049865722656,39.12300109863281,36.834999084472656,1473204000,10664912097,399864879105.1312,399.86487910513125,,,,,,,,34.38473,36.62114,3.5847988,7.192999,,,,10.945572452950536,Consumer Cyclical,Internet Retail,United States,1546000,2016-Q4
AMZN,AMAZON.COM INC,2017-01-01 00:00:00-05:00,2017,1,1,41.17399978637695,37.895999908447266,42.19200134277344,37.3849983215332,1412280000,10664912097,439117088403.607,439.117088403607,,,,,,,,34.38473,36.62114,3.5847988,7.192999,,,,40.286198470962795,Consumer Cyclical,Internet Retail,United States,1546000,2017-Q1
AMZN,AMAZON.COM INC,2017-02-01 00:00:00-05:00,2017,1,2,42.25199890136719,41.46049880981445,43.042999267578125,40.150001525878906,1434966000,10664912097,450613854205.62164,450.61385420562164,,,,,,,,34.38473,36.62114,3.5847988,7.192999,,,,52.94287896006487,Consumer Cyclical,Internet Retail,United States,1546000,2017-Q1
AMZN,AMAZON.COM INC,2017-03-01 00:00:00-05:00,2017,1,3,44.32699966430664,42.65250015258789,44.51750183105469,41.67499923706055,1214214000,10664912097,472743554943.57886,472.7435549435789,,,,,,,,34.38473,36.62114,3.5847988,7.192999,,,,49.33966999950392,Consumer Cyclical,Internet Retail,United States,1546000,2017-Q1
AMZN,AMAZON.COM INC,2017-04-01 00:00:00-04:00,2017,2,4,46.2495002746582,44.400001525878906,47.47949981689453,44.2244987487793,1470794000,10664912097,493246854959.4071,493.24685495940713,,,,,,,,34.38473,36.62114,3.5847988,7.192999,,,,40.237118608347735,Consumer Cyclical,Internet Retail,United States,1546000,2017-Q2
AMZN,AMAZON.COM INC,2017-05-01 00:00:00-04:00,2017,2,5,49.73099899291992,46.38999938964844,50.060001373291016,46.38999938964844,1524040000,10664912097,530376732755.4865,530.3767327554865,,,,,,,,34.38473,36.62114,3.5847988,7.192999,,,,37.608432476548614,Consumer Cyclical,Internet Retail,United States,1546000,2017-Q2
AMZN,AMAZON.COM INC,2017-06-01 00:00:00-04:00,2017,2,6,48.400001525878906,49.929500579833984,50.849998474121094,46.349998474121094,1922708000,10664912097,516181761768.1644,516.1817617681644,,,,,,,,34.38473,36.62114,3.5847988,7.192999,,,,35.26733160095328,Consumer Cyclical,Internet Retail,United States,1546000,2017-Q2
AMZN,AMAZON.COM INC,2017-07-01 00:00:00-04:00,2017,3,7,49.388999938964844,48.63949966430664,54.16550064086914,47.54999923706055,1576248000,10664912097,526729342907.7984,526.7293429077984,,,,,,,,34.38473,36.62114,3.5847988,7.192999,,,,30.174884580279215,Consumer Cyclical,Internet Retail,United States,1546000,2017-Q3
AMZN,AMAZON.COM INC,2017-08-01 00:00:00-04:00,2017,3,8,49.029998779296875,49.80550003051758,50.31999969482422,46.81650161743164,1547836000,10664912097,522900627097.2185,522.9006270972185,,,,,,,,34.38473,36.62114,3.5847988,7.192999,,,,27.48972527395137,Consumer Cyclical,Internet Retail,United States,1546000,2017-Q3
AMZN,AMAZON.COM INC,2017-09-01 00:00:00-04:00,2017,3,9,48.067501068115234,49.209999084472656,50.0,46.587501525878906,1185836000,10664912097,512635673613.9026,512.6356736139026,,,,,,,,34.38473,36.62114,3.5847988,7.192999,,,,14.814105782434117,Consumer Cyclical,Internet Retail,United States,1546000,2017-Q3
AMZN,AMAZON.COM INC,2017-10-01 00:00:00-04:00,2017,4,10,55.263999938964844,48.20000076293945,56.13949966430664,47.51850128173828,1666682000,10664912097,589385701477.6735,589.3857014776735,,,,,,,,34.38473,36.62114,3.5847988,7.192999,,,,39.940741836933505,Consumer Cyclical,Internet Retail,United States,1546000,2017-Q4
AMZN,AMAZON.COM INC,2017-11-01 00:00:00-04:00,2017,4,11,58.837501525878906,55.27000045776367,60.670501708984375,54.34349822998047,1543300000,10664912097,627496781780.6019,627.496781780602,,,,,,,,34.38473,36.62114,3.5847988,7.192999,,,,56.78085227992926,Consumer Cyclical,Internet Retail,United States,1546000,2017-Q4
AMZN,AMAZON.COM INC,2017-12-01 00:00:00-05:00,2017,4,12,58.4734992980957,58.602500915527344,59.73899841308594,56.23699951171875,1155204000,10664912097,623614730018.1819,623.6147300181818,,,,,,,,34.38473,36.62114,3.5847988,7.192999,,,,55.956364913514456,Consumer Cyclical,Internet Retail,United States,1546000,2017-Q4
AMZN,AMAZON.COM INC,2018-01-01 00:00:00-05:00,2018,1,1,72.54450225830078,58.599998474121094,73.62899780273438,58.5255012512207,1927424000,10664912097,773680739705.3959,773.6807397053959,,,,,,,,34.38473,36.62114,3.5847988,7.192999,,,,76.190077803185,Consumer Cyclical,Internet Retail,United States,1546000,2018-Q1
AMZN,AMAZON.COM INC,2018-02-01 00:00:00-05:00,2018,1,2,75.62249755859375,72.25,76.43499755859375,63.29650115966797,2755680000,10664912097,806507289017.9995,806.5072890179995,,,,,,,,34.38473,36.62114,3.5847988,7.192999,,,,78.97969214456919,Consumer Cyclical,Internet Retail,United States,1546000,2018-Q1
AMZN,AMAZON.COM INC,2018-03-01 00:00:00-05:00,2018,1,3,72.36699676513672,75.68000030517578,80.87699890136719,68.26000213623047,2608002000,10664912097,771787659224.0664,771.7876592240664,,,,,,,,34.38473,36.62114,3.5847988,7.192999,,,,63.25715097610964,Consumer Cyclical,Internet Retail,United States,1546000,2018-Q1
AMZN,AMAZON.COM INC,2018-04-01 00:00:00-04:00,2018,2,4,78.30650329589844,70.88099670410156,81.90499877929688,67.64399719238281,2598392000,10664912097,835131974274.1976,835.1319742741977,,,,,,,,34.38473,36.62114,3.5847988,7.192999,,,,69.31318788498444,Consumer Cyclical,Internet Retail,United States,1546000,2018-Q2
AMZN,AMAZON.COM INC,2018-05-01 00:00:00-04:00,2018,2,5,81.48100280761719,78.16100311279297,81.75,77.3010025024414,1432310000,10664912097,868987732518.6475,868.9877325186475,,,,,,,,34.38473,36.62114,3.5847988,7.192999,,,,63.843486874690434,Consumer Cyclical,Internet Retail,United States,1546000,2018-Q2
AMZN,AMAZON.COM INC,2018-06-01 00:00:00-04:00,2018,2,6,84.98999786376953,81.85150146484375,88.15499877929688,81.75450134277344,1718826000,10664912097,906410856341.3198,906.4108563413198,,,,,,,,34.38473,36.62114,3.5847988,7.192999,,,,75.59916360400605,Consumer Cyclical,Internet Retail,United States,1546000,2018-Q2
AMZN,AMAZON.COM INC,2018-07-01 00:00:00-04:00,2018,3,7,88.87200164794922,84.13500213623047,94.00250244140625,83.90299987792969,1950422000,10664912097,947812085459.8175,947.8120854598175,,,,,,,,34.38473,36.62114,3.5847988,7.192999,,,,79.94290582473356,Consumer Cyclical,Internet Retail,United States,1546000,2018-Q3
AMZN,AMAZON.COM INC,2018-08-01 00:00:00-04:00,2018,3,8,100.635498046875,89.19999694824219,101.27850341796875,88.8010025024414,1931516000,10664912097,1073268740507.737,1073.268740507737,,,,,,,,34.38473,36.62114,3.5847988,7.192999,,,,105.25290751051122,Consumer Cyclical,Internet Retail,United States,1546000,2018-Q3
AMZN,AMAZON.COM INC,2018-09-01 00:00:00-04:00,2018,3,9,100.1500015258789,101.32499694824219,102.5250015258789,93.25,1888910000,10664912097,1068090962787.9144,1068.0909627879143,,,,,,,,34.38473,36.62114,3.5847988,7.192999,,,,108.35283570069282,Consumer Cyclical,Internet Retail,United States,1546000,2018-Q3
AMZN,AMAZON.COM INC,2018-10-01 00:00:00-04:00,2018,4,10,79.90049743652344,101.09950256347656,101.65950012207031,73.81800079345703,3664416000,10664912097,852131781667.0963,852.1317816670963,,,,,,,,34.38473,36.62114,3.5847988,7.192999,,,,44.57964954539637,Consumer Cyclical,Internet Retail,United States,1546000,2018-Q4
AMZN,AMAZON.COM INC,2018-11-01 00:00:00-04:00,2018,4,11,84.50849914550781,81.17649841308594,89.19999694824219,71.0,2785800000,10664912097,901275714836.2405,901.2757148362405,,,,,,,,34.38473,36.62114,3.5847988,7.192999,,,,43.63033261760418,Consumer Cyclical,Internet Retail,United States,1546000,2018-Q4
AMZN,AMAZON.COM INC,2018-12-01 00:00:00-05:00,2018,4,12,75.09850311279297,88.4729995727539,88.91699981689453,65.3499984741211,3096254000,10664912097,800918934314.2179,800.918934314218,,,,,,,,34.38473,36.62114,3.5847988,7.192999,,,,28.43168959316702,Consumer Cyclical,Internet Retail,United States,1546000,2018-Q4
AMZN,AMAZON.COM INC,2019-01-01 00:00:00-05:00,2019,1,1,85.9365005493164,73.26000213623047,86.82050323486328,73.04650115966797,2680034000,10664912097,916505224282.2517,916.5052242822517,,,,,,,,34.38473,36.62114,3.5847988,7.192999,,,,18.460390345407962,Consumer Cyclical,Internet Retail,United States,1546000,2019-Q1
AMZN,AMAZON.COM INC,2019-02-01 00:00:00-05:00,2019,1,2,81.99150085449219,81.94400024414062,83.65299987792969,78.33799743652344,1618738000,10664912097,874432149314.2595,874.4321493142595,,,,,,,,34.38473,36.62114,3.5847988,7.192999,,,,8.422101228491696,Consumer Cyclical,Internet Retail,United States,1546000,2019-Q1
AMZN,AMAZON.COM INC,2019-03-01 00:00:00-05:00,2019,1,3,89.0374984741211,82.75650024414062,91.1875,79.32849884033203,2016644000,10664912097,949577094563.2731,949.577094563273,,,,,,,,34.38473,36.62114,3.5847988,7.192999,,,,23.036055735582917,Consumer Cyclical,Internet Retail,United States,1546000,2019-Q1
AMZN,AMAZON.COM INC,2019-04-01 00:00:00-04:00,2019,2,4,96.32599639892578,90.00550079345703,97.81700134277344,89.9365005493164,1624784000,10664912097,1027308284250.482,1027.308284250482,,,,,,,,34.38473,36.62114,3.5847988,7.192999,,,,23.011489907724147,Consumer Cyclical,Internet Retail,United States,1546000,2019-Q2
AMZN,AMAZON.COM INC,2019-05-01 00:00:00-04:00,2019,2,5,88.75350189208984,96.65450286865234,98.22000122070312,88.63500213623047,1964288000,10664912097,946548295980.0614,946.5482959800614,,,,,,,,34.38473,36.62114,3.5847988,7.192999,,,,8.925392218899898,Consumer Cyclical,Internet Retail,United States,1546000,2019-Q2
AMZN,AMAZON.COM INC,2019-06-01 00:00:00-04:00,2019,2,6,94.68150329589844,88.00050354003906,96.76000213623047,83.5999984741211,1494930000,10664912097,1009769909862.5726,1009.7699098625726,,,,,,,,34.38473,36.62114,3.5847988,7.192999,,,,11.403112925903859,Consumer Cyclical,Internet Retail,United States,1546000,2019-Q2
AMZN,AMAZON.COM INC,2019-07-01 00:00:00-04:00,2019,3,7,93.33899688720703,96.14900207519531,101.79000091552734,92.47200012207031,1462976000,10664912097,995452197024.2196,995.4521970242196,,,,,,,,34.38473,36.62114,3.5847988,7.192999,,,,5.026324552644867,Consumer Cyclical,Internet Retail,United States,1546000,2019-Q3
AMZN,AMAZON.COM INC,2019-08-01 00:00:00-04:00,2019,3,8,88.81449890136719,93.58599853515625,94.89600372314453,87.17549896240234,1595424000,10664912097,947198823722.1841,947.1988237221841,,,,,,,,34.38473,36.62114,3.5847988,7.192999,,,,-11.746351312338831,Consumer Cyclical,Internet Retail,United States,1546000,2019-Q3
AMZN,AMAZON.COM INC,2019-09-01 00:00:00-04:00,2019,3,9,86.79550170898438,88.5,92.68299865722656,85.46099853515625,1223458000,10664912097,925666396141.3317,925.6663961413317,,,,,,,,34.38473,36.62114,3.5847988,7.192999,,,,-13.334497866626304,Consumer Cyclical,Internet Retail,United States,1546000,2019-Q3
AMZN,AMAZON.COM INC,2019-10-01 00:00:00-04:00,2019,4,10,88.83300018310547,87.30000305175781,89.94249725341797,84.25299835205078,1407210000,10664912097,947396138265.6047,947.3961382656047,,,,,,,,34.38473,36.62114,3.5847988,7.192999,,,,11.179533336045132,Consumer Cyclical,Internet Retail,United States,1546000,2019-Q4
AMZN,AMAZON.COM INC,2019-11-01 00:00:00-04:00,2019,4,11,90.04000091552734,89.40049743652344,91.2344970703125,86.135498046875,1041524000,10664912097,960268694977.8987,960.2686949778987,,,,,,,,34.38473,36.62114,3.5847988,7.192999,,,,6.54549758420786,Consumer Cyclical,Internet Retail,United States,1546000,2019-Q4
AMZN,AMAZON.COM INC,2019-12-01 00:00:00-05:00,2019,4,12,92.39199829101562,90.22000122070312,95.06999969482422,86.75,1362992000,10664912097,985352540239.8558,985.3525402398558,,,,,,,,34.38473,36.62114,3.5847988,7.192999,,,,23.02774950420645,Consumer Cyclical,Internet Retail,United States,1546000,2019-Q4
AMZN,AMAZON.COM INC,2020-01-01 00:00:00-05:00,2020,1,1,100.43599700927734,93.75,102.78600311279297,90.76699829101562,1693966000,10664912097,1071141079478.4978,1071.1410794784979,,,,,,,,34.38473,36.62114,3.5847988,7.192999,,,,16.872337560033767,Consumer Cyclical,Internet Retail,United States,1546000,2020-Q1
AMZN,AMAZON.COM INC,2020-02-01 00:00:00-05:00,2020,1,2,94.1875,100.52999877929688,109.29750061035156,90.55650329589844,1850202000,10664912097,1004501408136.1875,1004.5014081361875,,,,,,,,34.38473,36.62114,3.5847988,7.192999,,,,14.87471142545822,Consumer Cyclical,Internet Retail,United States,1546000,2020-Q1
AMZN,AMAZON.COM INC,2020-03-01 00:00:00-05:00,2020,1,3,97.48600006103516,95.32450103759766,99.81649780273438,81.30149841308594,3276182000,10664912097,1039679621339.0765,1039.6796213390764,,,,,,,,34.38473,36.62114,3.5847988,7.192999,,,,9.48870052696913,Consumer Cyclical,Internet Retail,United States,1546000,2020-Q1
AMZN,AMAZON.COM INC,2020-04-01 00:00:00-04:00,2020,2,4,123.69999694824219,96.64849853515625,123.75,94.4574966430664,2492196000,10664912097,1319249593852.1711,1319.249593852171,,,,,,,,34.38473,36.62114,3.5847988,7.192999,,,,28.418081901742642,Consumer Cyclical,Internet Retail,United States,1546000,2020-Q2
AMZN,AMAZON.COM INC,2020-05-01 00:00:00-04:00,2020,2,5,122.11849975585938,116.83999633789062,126.27249908447266,112.81900024414062,1651688000,10664912097,1302383065313.756,1302.383065313756,,,,,,,,34.38473,36.62114,3.5847988,7.192999,,,,37.59288045257758,Consumer Cyclical,Internet Retail,United States,1546000,2020-Q2
AMZN,AMAZON.COM INC,2020-06-01 00:00:00-04:00,2020,2,6,137.9409942626953,122.4000015258789,139.8000030517578,121.85649871826172,1756366000,10664912097,1471128578384.4268,1471.1285783844266,,,,,,,,34.38473,36.62114,3.5847988,7.192999,,,,45.689484704950644,Consumer Cyclical,Internet Retail,United States,1546000,2020-Q2
AMZN,AMAZON.COM INC,2020-07-01 00:00:00-04:00,2020,3,7,158.23399353027344,137.89950561523438,167.21449279785156,137.6999969482422,2550040000,10664912097,1687551631757.6328,1687.5516317576328,,,,,,,,34.38473,36.62114,3.5847988,7.192999,,,,69.5261346353304,Consumer Cyclical,Internet Retail,United States,1546000,2020-Q3
AMZN,AMAZON.COM INC,2020-08-01 00:00:00-04:00,2020,3,8,172.54800415039062,159.02549743652344,174.75,153.64999389648438,1670332000,10664912097,1840209296776.7073,1840.2092967767073,,,,,,,,34.38473,36.62114,3.5847988,7.192999,,,,94.27909438752064,Consumer Cyclical,Internet Retail,United States,1546000,2020-Q3
AMZN,AMAZON.COM INC,2020-09-01 00:00:00-04:00,2020,3,9,157.43649291992188,174.47900390625,177.6125030517578,143.5500030517578,2317986000,10664912097,1679046357850.9297,1679.0463578509298,,,,,,,,34.38473,36.62114,3.5847988,7.192999,,,,81.38784824101697,Consumer Cyclical,Internet Retail,United States,1546000,2020-Q3
AMZN,AMAZON.COM INC,2020-10-01 00:00:00-04:00,2020,4,10,151.8074951171875,160.39999389648438,174.81199645996094,150.9499969482422,2324522000,10664912097,1619013591090.5615,1619.0135910905615,,,,,,,,34.38473,36.62114,3.5847988,7.192999,,,,70.89087929516842,Consumer Cyclical,Internet Retail,United States,1546000,2020-Q4
AMZN,AMAZON.COM INC,2020-11-01 00:00:00-04:00,2020,4,11,158.40199279785156,153.08700561523438,168.33999633789062,147.50599670410156,1816210000,10664912097,1689343329178.714,1689.3433291787142,,,,,,,,34.38473,36.62114,3.5847988,7.192999,,,,75.92402397514329,Consumer Cyclical,Internet Retail,United States,1546000,2020-Q4
AMZN,AMAZON.COM INC,2020-12-01 00:00:00-05:00,2020,4,12,162.84649658203125,159.4250030517578,167.53250122070312,153.64100646972656,1551124000,10664912097,1736743571351.7742,1736.743571351774,,,,,,,,34.38473,36.62114,3.5847988,7.192999,,,,76.25606069163975,Consumer Cyclical,Internet Retail,United States,1546000,2020-Q4
AMZN,AMAZON.COM INC,2021-01-01 00:00:00-05:00,2021,1,1,160.30999755859375,163.5,168.1945037841797,154.3000030517578,1430578000,10664912097,1709692032232.687,1709.692032232687,,,,,,,,34.38473,36.62114,3.5847988,7.192999,,,,59.61408492194866,Consumer Cyclical,Internet Retail,United States,1546000,2021-Q1
AMZN,AMAZON.COM INC,2021-02-01 00:00:00-05:00,2021,1,2,154.64649963378906,162.1179962158203,171.6999969482422,151.8350067138672,1442140000,10664912097,1649291324703.103,1649.291324703103,,,,,,,,34.38473,36.62114,3.5847988,7.192999,,,,64.19004606108992,Consumer Cyclical,Internet Retail,United States,1546000,2021-Q1
AMZN,AMAZON.COM INC,2021-03-01 00:00:00-05:00,2021,1,3,154.70399475097656,156.39450073242188,159.10000610351562,144.0500030517578,1563760000,10664912097,1649904505073.9146,1649.9045050739146,,,,,,,,34.38473,36.62114,3.5847988,7.192999,,,,58.6935505140407,Consumer Cyclical,Internet Retail,United States,1546000,2021-Q1
AMZN,AMAZON.COM INC,2021-04-01 00:00:00-04:00,2021,2,4,173.37100219726562,155.89700317382812,177.6999969482422,155.77749633789062,1536792000,10664912097,1848986498602.6318,1848.9864986026319,,,,,,,,34.38473,36.62114,3.5847988,7.192999,,,,40.15441105451805,Consumer Cyclical,Internet Retail,United States,1546000,2021-Q2
AMZN,AMAZON.COM INC,2021-05-01 00:00:00-04:00,2021,2,5,161.15350341796875,174.2364959716797,174.33250427246094,156.36849975585938,1503678000,10664912097,1718687948076.2258,1718.687948076226,,,,,,,,34.38473,36.62114,3.5847988,7.192999,,,,31.964856872749504,Consumer Cyclical,Internet Retail,United States,1546000,2021-Q2
AMZN,AMAZON.COM INC,2021-06-01 00:00:00-04:00,2021,2,6,172.00799560546875,162.1750030517578,176.2429962158203,158.61000061035156,1340220000,10664912097,1834450153113.4866,1834.4501531134865,,,,,,,,34.38473,36.62114,3.5847988,7.192999,,,,24.696792657515676,Consumer Cyclical,Internet Retail,United States,1546000,2021-Q2
AMZN,AMAZON.COM INC,2021-07-01 00:00:00-04:00,2021,3,7,166.37950134277344,171.73049926757812,188.6540069580078,165.3489990234375,1674586000,10664912097,1774422756563.372,1774.422756563372,,,,,,,,34.38473,36.62114,3.5847988,7.192999,,,,5.14776100303731,Consumer Cyclical,Internet Retail,United States,1546000,2021-Q3
AMZN,AMAZON.COM INC,2021-08-01 00:00:00-04:00,2021,3,8,173.5395050048828,167.65499877929688,173.62899780273438,158.78799438476562,1256964000,10664912097,1850783566233.9668,1850.783566233967,,,,,,,,34.38473,36.62114,3.5847988,7.192999,,,,0.5746231950779279,Consumer Cyclical,Internet Retail,United States,1546000,2021-Q3
AMZN,AMAZON.COM INC,2021-09-01 00:00:00-04:00,2021,3,9,164.2519989013672,174.82000732421875,177.49949645996094,163.69949340820312,1250554000,10664912097,1751733130039.6216,1751.7331300396215,,,,,,,,34.38473,36.62114,3.5847988,7.192999,,,,4.3290509430440105,Consumer Cyclical,Internet Retail,United States,1546000,2021-Q3
AMZN,AMAZON.COM INC,2021-10-01 00:00:00-04:00,2021,4,10,168.6215057373047,164.45050048828125,173.9499969482422,158.8125,1273466000,10664912097,1798333536352.1357,1798.3335363521358,,,,,,,,34.38473,36.62114,3.5847988,7.192999,,,,11.075876462580215,Consumer Cyclical,Internet Retail,United States,1546000,2021-Q4
AMZN,AMAZON.COM INC,2021-11-01 00:00:00-04:00,2021,4,11,175.35350036621094,168.08999633789062,188.1074981689453,164.17750549316406,1515990000,10664912097,1870129667306.897,1870.1296673068969,,,,,,,,34.38473,36.62114,3.5847988,7.192999,,,,10.701574689147009,Consumer Cyclical,Internet Retail,United States,1546000,2021-Q4
AMZN,AMAZON.COM INC,2021-12-01 00:00:00-05:00,2021,4,12,166.7169952392578,177.25,177.99400329589844,165.19500732421875,1287634000,10664912097,1778022099302.652,1778.0220993026521,,,,,,,,34.38473,36.62114,3.5847988,7.192999,,,,2.3767773568753814,Consumer Cyclical,Internet Retail,United States,1546000,2021-Q4
AMZN,AMAZON.COM INC,2022-01-01 00:00:00-05:00,2022,1,1,149.57350158691406,167.5500030517578,171.39999389648438,135.3520050048828,1524654000,10664912097,1595188246464.9285,1595.1882464649284,,,,,,,,34.38473,36.62114,3.5847988,7.192999,,,,-6.697333999868271,Consumer Cyclical,Internet Retail,United States,1546000,2022-Q1
AMZN,AMAZON.COM INC,2022-02-01 00:00:00-05:00,2022,1,2,153.56300354003906,150.0,163.83450317382812,138.33299255371094,1689604000,10664912097,1637735934105.8164,1637.7359341058163,,,,,,,,34.38473,36.62114,3.5847988,7.192999,,,,-0.7006276225558161,Consumer Cyclical,Internet Retail,United States,1546000,2022-Q1
AMZN,AMAZON.COM INC,2022-03-01 00:00:00-05:00,2022,1,3,162.99749755859375,152.7324981689453,170.8314971923828,133.57249450683594,1628486000,10664912097,1738353983493.3745,1738.3539834933745,,,,,,,,34.38473,36.62114,3.5847988,7.192999,,,,5.36088471468823,Consumer Cyclical,Internet Retail,United States,1546000,2022-Q1
AMZN,AMAZON.COM INC,2022-04-01 00:00:00-04:00,2022,2,4,124.28150177001953,164.14950561523438,168.39450073242188,121.625,1465008000,10664912097,1325451291660.4082,1325.4512916604083,,,,,,,,34.38473,36.62114,3.5847988,7.192999,,,,-28.314712267389964,Consumer Cyclical,Internet Retail,United States,1546000,2022-Q2
AMZN,AMAZON.COM INC,2022-05-01 00:00:00-04:00,2022,2,5,120.20950317382812,122.4010009765625,126.22049713134766,101.26000213623047,2258476000,10664912097,1282023784572.9194,1282.0237845729193,,,,,,,,34.38473,36.62114,3.5847988,7.192999,,,,-25.406832228740328,Consumer Cyclical,Internet Retail,United States,1546000,2022-Q2
AMZN,AMAZON.COM INC,2022-06-01 00:00:00-04:00,2022,2,6,106.20999908447266,122.25599670410156,128.99000549316406,101.43000030517578,1767601100,10664912097,1132720304058.3513,1132.7203040583513,,,,,,,,34.38473,36.62114,3.5847988,7.192999,,,,-38.25287091416124,Consumer Cyclical,Internet Retail,United States,1546000,2022-Q2
AMZN,AMAZON.COM INC,2022-07-01 00:00:00-04:00,2022,3,7,134.9499969482422,106.29000091552734,137.64999389648438,105.8499984741211,1337852600,10664912097,1439229854943.4211,1439.229854943421,,,,,,,,34.38473,36.62114,3.5847988,7.192999,,,,-18.890250385941766,Consumer Cyclical,Internet Retail,United States,1546000,2022-Q3
AMZN,AMAZON.COM INC,2022-08-01 00:00:00-04:00,2022,3,8,126.7699966430664,134.9600067138672,146.57000732421875,126.73999786376953,1170449000,10664912097,1351990870735.2883,1351.9908707352884,,,,,,,,34.38473,36.62114,3.5847988,7.192999,,,,-26.950352520885936,Consumer Cyclical,Internet Retail,United States,1546000,2022-Q3
AMZN,AMAZON.COM INC,2022-09-01 00:00:00-04:00,2022,3,9,113.0,126.0,136.49000549316406,112.05999755859375,1210487600,10664912097,1205135066961.0,1205.135066961,,,,,,,,34.38473,36.62114,3.5847988,7.192999,,,,-31.203272559345752,Consumer Cyclical,Internet Retail,United States,1546000,2022-Q3
AMZN,AMAZON.COM INC,2022-10-01 00:00:00-04:00,2022,4,10,102.44000244140625,113.58000183105469,123.0,97.66000366210938,1459311500,10664912097,1092513621254.063,1092.513621254063,,,,,,,,34.38473,36.62114,3.5847988,7.192999,,,,-39.248554332685515,Consumer Cyclical,Internet Retail,United States,1546000,2022-Q4
AMZN,AMAZON.COM INC,2022-11-01 00:00:00-04:00,2022,4,11,96.54000091552734,103.98999786376953,104.58000183105469,85.87000274658203,2035133200,10664912097,1029590623608.3987,1029.5906236083986,,,,,,,,34.38473,36.62114,3.5847988,7.192999,,,,-44.94549540561681,Consumer Cyclical,Internet Retail,United States,1546000,2022-Q4
AMZN,AMAZON.COM INC,2022-12-01 00:00:00-05:00,2022,4,12,84.0,96.98999786376953,97.2300033569336,81.69000244140625,1549193300,10664912097,895852616148.0,895.852616148,,,,,,,,34.38473,36.62114,3.5847988,7.192999,,,,-49.61521476592685,Consumer Cyclical,Internet Retail,United States,1546000,2022-Q4
AMZN,AMAZON.COM INC,2023-01-01 00:00:00-05:00,2023,1,1,103.12999725341797,85.45999908447266,103.48999786376953,81.43000030517578,1523798600,10664912097,1099872355271.554,1099.872355271554,,,,,,,,34.38473,36.62114,3.5847988,7.192999,,,,-31.050623165700742,Consumer Cyclical,Internet Retail,United States,1546000,2023-Q1
AMZN,AMAZON.COM INC,2023-02-01 00:00:00-05:00,2023,1,2,94.2300033569336,102.52999877929688,114.0,92.31999969482422,1364102000,10664912097,1004954702701.7117,1004.9547027017117,,,,,,,,34.38473,36.62114,3.5847988,7.192999,,,,-38.637561662197726,Consumer Cyclical,Internet Retail,United States,1546000,2023-Q1
AMZN,AMAZON.COM INC,2023-03-01 00:00:00-05:00,2023,1,3,103.29000091552734,93.87000274658203,103.48999786376953,88.12000274658203,1349240300,10664912097,1101578780263.1487,1101.5787802631487,,,,,,,,34.38473,36.62114,3.5847988,7.192999,,,,-36.63092841140274,Consumer Cyclical,Internet Retail,United States,1546000,2023-Q1
AMZN,AMAZON.COM INC,2023-04-01 00:00:00-04:00,2023,2,4,105.44999694824219,102.30000305175781,110.86000061035156,97.70999908447266,1224234500,10664912097,1124614948081.9211,1124.614948081921,,,,,,,,34.38473,36.62114,3.5847988,7.192999,,,,-15.152299057847463,Consumer Cyclical,Internet Retail,United States,1546000,2023-Q2
AMZN,AMAZON.COM INC,2023-05-01 00:00:00-04:00,2023,2,5,120.58000183105469,104.94999694824219,122.91999816894531,101.1500015258789,1433039100,10664912097,1285975120184.2974,1285.9751201842973,,,,,,,,34.38473,36.62114,3.5847988,7.192999,,,,0.30821078820266745,Consumer Cyclical,Internet Retail,United States,1546000,2023-Q2
AMZN,AMAZON.COM INC,2023-06-01 00:00:00-04:00,2023,2,6,130.36000061035156,120.69000244140625,131.49000549316406,119.93000030517578,1242936000,10664912097,1390277947474.2659,1390.2779474742658,,,,,,,,34.38473,36.62114,3.5847988,7.192999,,,,22.737973575041238,Consumer Cyclical,Internet Retail,United States,1546000,2023-Q2
AMZN,AMAZON.COM INC,2023-07-01 00:00:00-04:00,2023,3,7,133.67999267578125,130.82000732421875,136.64999389648438,125.91999816894531,1058873500,10664912097,1425685371014.8108,1425.6853710148107,,,,,,,,34.38473,36.62114,3.5847988,7.192999,,,,-0.9410924795708042,Consumer Cyclical,Internet Retail,United States,1546000,2023-Q3
AMZN,AMAZON.COM INC,2023-08-01 00:00:00-04:00,2023,3,8,138.00999450683594,133.5500030517578,143.6300048828125,126.41000366210938,1210688300,10664912097,1471864459922.8582,1471.8644599228583,,,,,,,,34.38473,36.62114,3.5847988,7.192999,,,,8.86644960275329,Consumer Cyclical,Internet Retail,United States,1546000,2023-Q3
AMZN,AMAZON.COM INC,2023-09-01 00:00:00-04:00,2023,3,9,127.12000274658203,139.4600067138672,145.86000061035156,123.04000091552734,1120505300,10664912097,1355723655062.696,1355.723655062696,,,,,,,,34.38473,36.62114,3.5847988,7.192999,,,,12.495577651842504,Consumer Cyclical,Internet Retail,United States,1546000,2023-Q3
AMZN,AMAZON.COM INC,2023-10-01 00:00:00-04:00,2023,4,10,133.08999633789062,127.27999877929688,134.47999572753906,118.3499984741211,1224668600,10664912097,1419393111933.6555,1419.3931119336555,,,,,,,,34.38473,36.62114,3.5847988,7.192999,,,,29.91994647209777,Consumer Cyclical,Internet Retail,United States,1546000,2023-Q4
AMZN,AMAZON.COM INC,2023-11-01 00:00:00-04:00,2023,4,11,146.08999633789062,133.9600067138672,149.25999450683594,133.7100067138672,1026039500,10664912097,1558036969194.6555,1558.0369691946555,,,,,,,,34.38473,36.62114,3.5847988,7.192999,,,,51.32587005641278,Consumer Cyclical,Internet Retail,United States,1546000,2023-Q4
AMZN,AMAZON.COM INC,2023-12-01 00:00:00-05:00,2023,4,12,151.94000244140625,146.0,155.6300048828125,142.80999755859375,931322200,10664912097,1620426770055.563,1620.4267700555629,,,,,,,,34.38473,36.62114,3.5847988,7.192999,,,,80.88095528738839,Consumer Cyclical,Internet Retail,United States,1546000,2023-Q4
AMZN,AMAZON.COM INC,2024-01-01 00:00:00-05:00,2024,1,1,155.1999969482422,151.5399932861328,161.72999572753906,144.0500030517578,954015000,10664912097,1655194324907.6711,1655.1943249076712,,,,,,,,34.38473,36.62114,3.5847988,7.192999,,,,50.489674276703724,Consumer Cyclical,Internet Retail,United States,1546000,2024-Q1
AMZN,AMAZON.COM INC,2024-02-01 00:00:00-05:00,2024,1,2,176.75999450683594,155.8699951171875,177.22000122070312,155.6199951171875,1045002200,10664912097,1885129803681.6082,1885.129803681608,,,,,,,,34.38473,36.62114,3.5847988,7.192999,,,,87.58355959862084,Consumer Cyclical,Internet Retail,United States,1546000,2024-Q1
AMZN,AMAZON.COM INC,2024-03-01 00:00:00-05:00,2024,1,3,180.3800048828125,176.75,181.6999969482422,171.47000122070312,702056800,10664912097,1923736896131.626,1923.736896131626,,,,,,,,34.38473,36.62114,3.5847988,7.192999,,,,74.63452733467484,Consumer Cyclical,Internet Retail,United States,1546000,2024-Q1
AMZN,AMAZON.COM INC,2024-04-01 00:00:00-04:00,2024,2,4,175.0,180.7899932861328,189.77000427246094,166.32000732421875,917138300,10664912097,1866359616975.0,1866.359616975,147977000000.0,147977.0,74192000000.0,13485000000.0,14672000000.0,27872000000.0,3.153124500724775,34.38473,36.62114,3.5847988,7.192999,,,,65.9554339161289,Consumer Cyclical,Internet Retail,United States,1546000,2024-Q2
AMZN,AMAZON.COM INC,2024-05-01 00:00:00-04:00,2024,2,5,176.44000244140625,181.63999938964844,191.6999969482422,173.8699951171875,892274700,10664912097,1881717116432.063,1881.717116432063,147977000000.0,147977.0,74192000000.0,13485000000.0,14672000000.0,27872000000.0,3.179070254891069,34.38473,36.62114,3.5847988,7.192999,,0.0,,46.326090364982164,Consumer Cyclical,Internet Retail,United States,1546000,2024-Q2
AMZN,AMAZON.COM INC,2024-06-01 00:00:00-04:00,2024,2,6,193.25,177.6999969482422,199.83999633789062,175.9199981689453,810555700,10664912097,2060994262745.25,2060.99426274525,147977000000.0,147977.0,74192000000.0,13485000000.0,14672000000.0,27872000000.0,3.481950341514644,34.38473,36.62114,3.5847988,7.192999,,0.0,,48.24332547959078,Consumer Cyclical,Internet Retail,United States,1546000,2024-Q2
AMZN,AMAZON.COM INC,2024-07-01 00:00:00-04:00,2024,3,7,186.97999572753906,193.49000549316406,201.1999969482422,176.8000030517578,868061100,10664912097,1994125218331.6396,1994.1252183316396,158877000000.0,158877.0,77900000000.0,15328000000.0,17411000000.0,32082000000.0,3.1378443990188,34.38473,36.62114,3.5847988,7.192999,,7.366009582570254,,39.87133899762261,Consumer Cyclical,Internet Retail,United States,1546000,2024-Q3
AMZN,AMAZON.COM INC,2024-08-01 00:00:00-04:00,2024,3,8,178.5,189.2899932861328,190.60000610351562,151.61000061035156,971023900,10664912097,1903686809314.5,1903.6868093145,158877000000.0,158877.0,77900000000.0,15328000000.0,17411000000.0,32082000000.0,2.995535554728658,34.38473,36.62114,3.5847988,7.192999,,0.0,7.366009582570254,29.338458883250308,Consumer Cyclical,Internet Retail,United States,1546000,2024-Q3
AMZN,AMAZON.COM INC,2024-09-01 00:00:00-04:00,2024,3,9,186.3300018310547,177.5500030517578,195.3699951171875,171.16000366210938,764950500,10664912097,1987193090562.0474,1987.1930905620475,158877000000.0,158877.0,77900000000.0,15328000000.0,17411000000.0,32082000000.0,3.1269363887819623,34.38473,36.62114,3.5847988,7.192999,,0.0,7.366009582570254,46.5780347743618,Consumer Cyclical,Internet Retail,United States,1546000,2024-Q3
AMZN,AMAZON.COM INC,2024-10-01 00:00:00-04:00,2024,4,10,186.39999389648438,184.89999389648438,195.61000061035156,180.25,733878800,10664912097,1987939549787.3423,1987.9395497873422,187792000000.0,187792.0,88899000000.0,20004000000.0,21203000000.0,38550000000.0,2.646464638785654,34.38473,36.62114,3.5847988,7.192999,,18.199613537516445,26.90620839725093,40.055600740456555,Consumer Cyclical,Internet Retail,United States,1546000,2024-Q4
AMZN,AMAZON.COM INC,2024-11-01 00:00:00-04:00,2024,4,11,207.88999938964844,199.0,215.89999389648438,194.30999755859375,905835300,10664912097,2217128569335.9844,2217.1285693359846,187792000000.0,187792.0,88899000000.0,20004000000.0,21203000000.0,38550000000.0,2.9515748398973125,34.38473,36.62114,3.5847988,7.192999,,0.0,18.199613537516445,42.302693271906854,Consumer Cyclical,Internet Retail,United States,1546000,2024-Q4
AMZN,AMAZON.COM INC,2024-12-01 00:00:00-05:00,2024,4,12,219.38999938964844,209.9600067138672,233.0,209.50999450683594,760891000,10664912097,2339775058451.4844,2339.7750584514843,187792000000.0,187792.0,88899000000.0,20004000000.0,21203000000.0,38550000000.0,3.1148492194176063,34.38473,36.62114,3.5847988,7.192999,,0.0,18.199613537516445,44.39252064264869,Consumer Cyclical,Internet Retail,United States,1546000,2024-Q4
AMZN,AMAZON.COM INC,2025-01-01 00:00:00-05:00,2025,1,1,237.67999267578125,222.02999877929688,241.77000427246094,216.1999969482422,652577000,10664912097,2534836229102.811,2534.836229102811,155667000000.0,155667.0,78691000000.0,17127000000.0,18405000000.0,36482000000.0,4.070927410920123,34.38473,36.62114,3.5847988,7.192999,,-17.106692510863088,-2.020430899374992,53.14432818903045,Consumer Cyclical,Internet Retail,United States,1546000,2025-Q1
AMZN,AMAZON.COM INC,2025-02-01 00:00:00-05:00,2025,1,2,212.27999877929688,234.05999755859375,242.52000427246094,204.16000366210938,783613700,10664912097,2263947526932.4683,2263.9475269324685,155667000000.0,155667.0,78691000000.0,17127000000.0,18405000000.0,36482000000.0,3.635882246931701,34.38473,36.62114,3.5847988,7.192999,,0.0,-17.106692510863088,20.09504716922088,Consumer Cyclical,Internet Retail,United States,1546000,2025-Q1
AMZN,AMAZON.COM INC,2025-03-01 00:00:00-05:00,2025,1,3,190.25999450683594,213.35000610351562,214.00999450683594,184.39999389648438,966721800,10664912097,2029106116991.1082,2029.1061169911081,155667000000.0,155667.0,78691000000.0,17127000000.0,18405000000.0,36482000000.0,3.2587287559198614,34.38473,36.62114,3.5847988,7.192999,,0.0,-17.106692510863088,5.477319745302256,Consumer Cyclical,Internet Retail,United States,1546000,2025-Q1
AMZN,AMAZON.COM INC,2025-04-01 00:00:00-04:00,2025,2,4,184.4199981689453,187.86000061035156,198.33999633789062,161.3800048828125,1313093300,10664912097,1966823069400.7026,1966.8230694007027,167702000000.0,167702.0,86893000000.0,18164000000.0,19171000000.0,36600000000.0,2.932020890330322,34.38473,36.62114,3.5847988,7.192999,,7.731246828165239,-10.698006304847919,5.382856096540167,Consumer Cyclical,Internet Retail,United States,1546000,2025-Q2
AMZN,AMAZON.COM INC,2025-05-01 00:00:00-04:00,2025,2,5,205.00999450683594,190.6300048828125,214.83999633789062,183.85000610351562,937262700,10664912097,2186413570421.8582,2186.4135704218584,167702000000.0,167702.0,86893000000.0,18164000000.0,19171000000.0,36600000000.0,3.2593731297507755,34.38473,36.62114,3.5847988,7.192999,,0.0,7.731246828165239,16.192468640957692,Consumer Cyclical,Internet Retail,United States,1546000,2025-Q2
AMZN,AMAZON.COM INC,2025-06-01 00:00:00-04:00,2025,2,6,219.38999938964844,204.97999572753906,223.82000732421875,202.67999267578125,870687900,10664912097,2339775058451.4844,2339.7750584514843,167702000000.0,167702.0,86893000000.0,18164000000.0,19171000000.0,36600000000.0,3.487995161732544,34.38473,36.62114,3.5847988,7.192999,,0.0,7.731246828165239,13.526519735911236,Consumer Cyclical,Internet Retail,United States,1546000,2025-Q2
AMZN,AMAZON.COM INC,2025-07-01 00:00:00-04:00,2025,3,7,234.11000061035156,219.5,236.52999877929688,217.92999267578125,856016400,10664912097,2496762577538.0156,2496.7625775380156,,,,,,,,34.38473,36.62114,3.5847988,7.192999,,0.0,7.731246828165239,25.20590756215908,Consumer Cyclical,Internet Retail,United States,1546000,2025-Q3
AMZN,AMAZON.COM INC,2025-08-01 00:00:00-04:00,2025,3,8,229.0,217.2100067138672,234.0800018310547,211.4199981689453,877658700,10664912097,2442264870213.0,2442.264870213,,,,,,,,34.38473,36.62114,3.5847988,7.192999,,0.0,0.0,28.291316526610654,Consumer Cyclical,Internet Retail,United States,1546000,2025-Q3
AMZN,AMAZON.COM INC,2025-09-01 00:00:00-04:00,2025,3,9,219.57000732421875,223.52000427246094,238.85000610351562,216.47000122070312,965100000,10664912097,2341694827250.439,2341.694827250439,,,,,,,,34.38473,36.62114,3.5847988,7.192999,,0.0,0.0,17.839320112980374,Consumer Cyclical,Internet Retail,United States,1546000,2025-Q3
AMZN,AMAZON.COM INC,2025-10-01 00:00:00-04:00,2025,4,10,225.22000122070312,217.36000061035156,226.72999572753906,216.02999877929688,296404489,10664912097,2401951515505.0317,2401.9515155050317,,,,,,,,34.38473,36.62114,3.5847988,7.192999,,0.0,0.0,20.826184868749053,Consumer Cyclical,Internet Retail,United States,1546000,2025-Q4
