ticker,company_name,date,year,quarter,month,close_price,open_price,high_price,low_price,volume,shares_outstanding,market_cap,market_cap_billions,revenue,revenue_millions,gross_profit,net_income,operating_income,ebitda,ps_ratio,current_pe,forward_pe,current_ps,current_pb,peg_ratio,revenue_qoq_pct,revenue_yoy_pct,market_cap_yoy_pct,sector,industry,country,employees,year_quarter
AVGO,BROADCOM INC,2015-01-01 00:00:00-05:00,2015,1,1,7.78595495223999,7.638379250078334,8.199167206988788,7.20321886990045,382607000,4722365022,36768121329.32581,36.768121329325815,,,,,,,,90.80257,57.395462,27.906605,5.9798045,,,,,Technology,Semiconductors,United States,37000,2015-Q1
AVGO,BROADCOM INC,2015-02-01 00:00:00-05:00,2015,1,2,9.658272743225098,7.8139526387601315,9.830066363549856,7.504422146136108,447338000,4722365022,45609889375.54219,45.60988937554219,,,,,,,,90.80257,57.395462,27.906605,5.9798045,,,,,Technology,Semiconductors,United States,37000,2015-Q1
AVGO,BROADCOM INC,2015-03-01 00:00:00-05:00,2015,1,3,9.60983657836914,9.627242781650367,10.313660092528155,8.851523860365422,567836000,4722365022,45381156124.82659,45.38115612482659,,,,,,,,90.80257,57.395462,27.906605,5.9798045,,,,,Technology,Semiconductors,United States,37000,2015-Q1
AVGO,BROADCOM INC,2015-04-01 00:00:00-04:00,2015,2,4,8.87158489227295,9.613920271641227,9.71563064525085,8.695489546938205,431818000,4722365022,41894862184.97341,41.89486218497341,,,,,,,,90.80257,57.395462,27.906605,5.9798045,,,,,Technology,Semiconductors,United States,37000,2015-Q2
AVGO,BROADCOM INC,2015-05-01 00:00:00-04:00,2015,2,5,11.239009857177734,8.950523451332957,11.327816498459983,8.758487766961302,800258000,4722365022,53074707031.44935,53.07470703144935,,,,,,,,90.80257,57.395462,27.906605,5.9798045,,,,,Technology,Semiconductors,United States,37000,2015-Q2
AVGO,BROADCOM INC,2015-06-01 00:00:00-04:00,2015,2,6,10.089832305908203,11.251912678198877,11.423454118779366,9.946374878485903,772095000,4722365022,47647871159.2665,47.6478711592665,,,,,,,,90.80257,57.395462,27.906605,5.9798045,,,,,Technology,Semiconductors,United States,37000,2015-Q2
AVGO,BROADCOM INC,2015-07-01 00:00:00-04:00,2015,3,7,9.525379180908203,10.230991053994849,10.485224166799904,9.402068600710724,828061000,4722365022,44982317465.20791,44.982317465207906,,,,,,,,90.80257,57.395462,27.906605,5.9798045,,,,,Technology,Semiconductors,United States,37000,2015-Q3
AVGO,BROADCOM INC,2015-08-01 00:00:00-04:00,2015,3,8,9.588560104370117,9.62281317510636,9.746123794207255,7.611780591770162,809920000,4722365022,45280680848.22211,45.280680848222104,,,,,,,,90.80257,57.395462,27.906605,5.9798045,,,,,Technology,Semiconductors,United States,37000,2015-Q3
AVGO,BROADCOM INC,2015-09-01 00:00:00-04:00,2015,3,9,9.515484809875488,9.249833752085209,10.272095213719378,8.986465699426056,713630000,4722365022,44935592633.52833,44.93559263352833,,,,,,,,90.80257,57.395462,27.906605,5.9798045,,,,,Technology,Semiconductors,United States,37000,2015-Q3
AVGO,BROADCOM INC,2015-10-01 00:00:00-04:00,2015,4,10,9.401766777038574,9.400239759162549,9.914118776315048,8.516032328078678,855380000,4722365022,44398574572.88863,44.398574572888634,,,,,,,,90.80257,57.395462,27.906605,5.9798045,,,,,Technology,Semiconductors,United States,37000,2015-Q4
AVGO,BROADCOM INC,2015-11-01 00:00:00-04:00,2015,4,11,9.96069622039795,9.442236143267111,9.97978503636955,8.797024114382225,582063000,4722365022,47038043425.97488,47.03804342597488,,,,,,,,90.80257,57.395462,27.906605,5.9798045,,,,,Technology,Semiconductors,United States,37000,2015-Q4
AVGO,BROADCOM INC,2015-12-01 00:00:00-05:00,2015,4,12,11.083135604858398,10.015672211298407,11.43208430616377,9.995819522866901,773365000,4722365022,52338611914.46611,52.338611914466114,,,,,,,,90.80257,57.395462,27.906605,5.9798045,,,,,Technology,Semiconductors,United States,37000,2015-Q4
AVGO,BROADCOM INC,2016-01-01 00:00:00-05:00,2016,1,1,10.241072654724121,10.881378639227185,10.975586506533228,8.974246187401784,1316776000,4722365022,48362083292.42987,48.36208329242987,,,,,,,,90.80257,57.395462,27.906605,5.9798045,,,,31.532647151751124,Technology,Semiconductors,United States,37000,2016-Q1
AVGO,BROADCOM INC,2016-02-01 00:00:00-05:00,2016,1,2,10.26098346710205,10.212730208110735,10.622496144264893,8.750596053708776,901921000,4722365022,48456109416.363014,48.45610941636301,,,,,,,,90.80257,57.395462,27.906605,5.9798045,,,,6.24035725538743,Technology,Semiconductors,United States,37000,2016-Q1
AVGO,BROADCOM INC,2016-03-01 00:00:00-05:00,2016,1,3,11.833409309387207,10.368211021214611,12.053227838704458,10.286258420601179,857323000,4722365022,55881678213.659325,55.88167821365933,,,,,,,,90.80257,57.395462,27.906605,5.9798045,,,,23.138507225223016,Technology,Semiconductors,United States,37000,2016-Q1
AVGO,BROADCOM INC,2016-04-01 00:00:00-04:00,2016,2,4,11.200196266174316,11.8372438218594,12.268345621851699,11.008083120158107,519869000,4722365022,52891415086.916595,52.891415086916595,,,,,,,,90.80257,57.395462,27.906605,5.9798045,,,,26.247974879094738,Technology,Semiconductors,United States,37000,2016-Q2
AVGO,BROADCOM INC,2016-05-01 00:00:00-04:00,2016,2,5,11.861836433410645,11.231705419081845,11.907175156943223,10.69532544000066,447955000,4722365022,56015921469.82366,56.01592146982366,,,,,,,,90.80257,57.395462,27.906605,5.9798045,,,,5.541649879728028,Technology,Semiconductors,United States,37000,2016-Q2
AVGO,BROADCOM INC,2016-06-01 00:00:00-04:00,2016,2,6,11.941753387451172,11.788831044334783,12.756313466777451,10.93277533363442,759161000,4722365022,56393318498.24943,56.39331849824943,,,,,,,,90.80257,57.395462,27.906605,5.9798045,,,,18.35432963993422,Technology,Semiconductors,United States,37000,2016-Q2
AVGO,BROADCOM INC,2016-07-01 00:00:00-04:00,2016,3,7,12.486664772033691,11.907735872207772,12.919897828662885,11.344224864225783,417716000,4722365022,58966588960.89151,58.96658896089151,,,,,,,,90.80257,57.395462,27.906605,5.9798045,,,,31.08837490753984,Technology,Semiconductors,United States,37000,2016-Q3
AVGO,BROADCOM INC,2016-08-01 00:00:00-04:00,2016,3,8,13.599814414978027,12.548337767698504,13.831076964733395,12.43270649282082,478313000,4722365022,64223287898.98363,64.22328789898363,,,,,,,,90.80257,57.395462,27.906605,5.9798045,,,,41.833750500033126,Technology,Semiconductors,United States,37000,2016-Q3
AVGO,BROADCOM INC,2016-09-01 00:00:00-04:00,2016,3,9,13.299166679382324,13.635268116457935,13.696167746021189,12.237668742081965,745974000,4722365022,62803519548.462975,62.80351954846297,,,,,,,,90.80257,57.395462,27.906605,5.9798045,,,,39.76341663201441,Technology,Semiconductors,United States,37000,2016-Q3
AVGO,BROADCOM INC,2016-10-01 00:00:00-04:00,2016,4,10,13.166085243225098,13.377169970697377,13.68567773788026,12.89701124320573,423036000,4722365022,62175060429.276566,62.17506042927656,,,,,,,,90.80257,57.395462,27.906605,5.9798045,,,,40.03841570905497,Technology,Semiconductors,United States,37000,2016-Q4
AVGO,BROADCOM INC,2016-11-01 00:00:00-04:00,2016,4,11,13.182317733764648,13.200101930230561,13.764538907873753,12.604736171736292,536511000,4722365022,62251716174.82048,62.25171617482048,,,,,,,,90.80257,57.395462,27.906605,5.9798045,,,,32.34333667127929,Technology,Semiconductors,United States,37000,2016-Q4
AVGO,BROADCOM INC,2016-12-01 00:00:00-05:00,2016,4,12,13.667887687683105,13.145202832413073,14.22613945853765,12.41916700939408,671895000,4722365022,64544754740.939156,64.54475474093915,,,,,,,,90.80257,57.395462,27.906605,5.9798045,,,,23.32148748312397,Technology,Semiconductors,United States,37000,2016-Q4
AVGO,BROADCOM INC,2017-01-01 00:00:00-05:00,2017,1,1,15.513564109802246,13.864227131547,16.002688267909896,13.476970405986165,663510000,4722365022,73260712518.6847,73.2607125186847,,,,,,,,90.80257,57.395462,27.906605,5.9798045,,,,51.4837813658706,Technology,Semiconductors,United States,37000,2017-Q1
AVGO,BROADCOM INC,2017-02-01 00:00:00-05:00,2017,1,2,16.402385711669922,15.727409604894735,16.793529887775396,15.568774305102302,453126000,4722365022,77458052562.14261,77.45805256214261,,,,,,,,90.80257,57.395462,27.906605,5.9798045,,,,59.851984600286556,Technology,Semiconductors,United States,37000,2017-Q1
AVGO,BROADCOM INC,2017-03-01 00:00:00-05:00,2017,1,3,17.026817321777344,16.56879725438348,17.71034707844786,16.373614489836278,662840000,4722365022,80406846556.34505,80.40684655634504,,,,,,,,90.80257,57.395462,27.906605,5.9798045,,,,43.88767325296785,Technology,Semiconductors,United States,37000,2017-Q1
AVGO,BROADCOM INC,2017-04-01 00:00:00-04:00,2017,2,4,17.248546600341797,17.107158854676086,17.50476421182063,16.282265891723704,364497000,4722365022,81453933145.7911,81.45393314579111,,,,,,,,90.80257,57.395462,27.906605,5.9798045,,,,54.0021816620668,Technology,Semiconductors,United States,37000,2017-Q2
AVGO,BROADCOM INC,2017-05-01 00:00:00-04:00,2017,2,5,18.706953048706055,17.348534917411676,18.973324502698897,17.178244142422518,503897000,4722365022,88341060745.40573,88.34106074540573,,,,,,,,90.80257,57.395462,27.906605,5.9798045,,,,57.70705618579521,Technology,Semiconductors,United States,37000,2017-Q2
AVGO,BROADCOM INC,2017-06-01 00:00:00-04:00,2017,2,6,18.204673767089844,18.872555660829477,20.05833931359071,18.01094799856936,833768000,4722365022,85969114634.62605,85.96911463462605,,,,,,,,90.80257,57.395462,27.906605,5.9798045,,,,52.44556788637065,Technology,Semiconductors,United States,37000,2017-Q2
AVGO,BROADCOM INC,2017-07-01 00:00:00-04:00,2017,3,7,19.349868774414062,18.39673112889313,20.277903532572306,17.846813755056413,424892000,4722365022,91377143480.58298,91.37714348058297,,,,,,,,90.80257,57.395462,27.906605,5.9798045,,,,54.964268903509335,Technology,Semiconductors,United States,37000,2017-Q3
AVGO,BROADCOM INC,2017-08-01 00:00:00-04:00,2017,3,8,19.77427101135254,19.473031862067494,20.346153621691144,18.725427536846947,609759000,4722365022,93381325759.5598,93.3813257595598,,,,,,,,90.80257,57.395462,27.906605,5.9798045,,,,45.401035690416,Technology,Semiconductors,United States,37000,2017-Q3
AVGO,BROADCOM INC,2017-09-01 00:00:00-04:00,2017,3,9,19.026668548583984,19.79467013486517,20.03079772718867,18.162961154800225,539378000,4722365022,89850874039.02051,89.85087403902051,,,,,,,,90.80257,57.395462,27.906605,5.9798045,,,,43.06662219732156,Technology,Semiconductors,United States,37000,2017-Q3
AVGO,BROADCOM INC,2017-10-01 00:00:00-04:00,2017,4,10,20.787717819213867,19.32262870792081,21.007480584954106,18.708236160711138,533106000,4722365022,98167191516.66168,98.16719151666169,,,,,,,,90.80257,57.395462,27.906605,5.9798045,,,,57.888373310590936,Technology,Semiconductors,United States,37000,2017-Q4
AVGO,BROADCOM INC,2017-11-01 00:00:00-04:00,2017,4,11,21.892841339111328,20.813715976346913,22.50250754367704,19.603047819719144,754829000,4722365022,103385988172.01498,103.38598817201499,,,,,,,,90.80257,57.395462,27.906605,5.9798045,,,,66.07733011195675,Technology,Semiconductors,United States,37000,2017-Q4
AVGO,BROADCOM INC,2017-12-01 00:00:00-05:00,2017,4,12,20.235551834106445,21.67779714272599,21.71639339404862,19.959075572929063,667869000,4722365022,95559662182.25223,95.55966218225223,,,,,,,,90.80257,57.395462,27.906605,5.9798045,,,,48.051786029393774,Technology,Semiconductors,United States,37000,2017-Q4
AVGO,BROADCOM INC,2018-01-01 00:00:00-05:00,2018,1,1,19.666391372680664,20.59726020867076,21.746178786458856,18.792612006125527,752835000,4722365022,92871878727.30974,92.87187872730973,,,,,,,,90.80257,57.395462,27.906605,5.9798045,,,,26.76900829161788,Technology,Semiconductors,United States,37000,2018-Q1
AVGO,BROADCOM INC,2018-02-01 00:00:00-05:00,2018,1,2,19.54191017150879,19.166074483291336,20.277724618737214,17.832409190824077,729491000,4722365022,92284033056.99913,92.28403305699914,,,,,,,,90.80257,57.395462,27.906605,5.9798045,,,,19.140657432565856,Technology,Semiconductors,United States,37000,2018-Q1
AVGO,BROADCOM INC,2018-03-01 00:00:00-05:00,2018,1,3,18.68478012084961,19.49433489956363,21.71367266241125,18.61421111987379,1029054000,4722365022,88236352086.46112,88.23635208646112,,,,,,,,90.80257,57.395462,27.906605,5.9798045,,,,9.737361761388751,Technology,Semiconductors,United States,37000,2018-Q1
AVGO,BROADCOM INC,2018-04-01 00:00:00-04:00,2018,2,4,18.457345962524414,18.821795304187948,20.34234161497881,18.137147117341144,754762000,4722365022,87162324972.37822,87.16232497237822,,,,,,,,90.80257,57.395462,27.906605,5.9798045,,,,7.00812300416469,Technology,Semiconductors,United States,37000,2018-Q2
AVGO,BROADCOM INC,2018-05-01 00:00:00-04:00,2018,2,5,20.27959442138672,18.572396756788173,20.538649475351093,17.858786168820192,712352000,4722365022,95767647355.90297,95.76764735590297,,,,,,,,90.80257,57.395462,27.906605,5.9798045,,,,8.406721119073124,Technology,Semiconductors,United States,37000,2018-Q2
AVGO,BROADCOM INC,2018-06-01 00:00:00-04:00,2018,2,6,19.520931243896484,20.464636278504823,21.867722910863744,19.491163387563265,760839000,4722365022,92184962903.0437,92.1849629030437,,,,,,,,90.80257,57.395462,27.906605,5.9798045,,,,7.230327187659635,Technology,Semiconductors,United States,37000,2018-Q2
AVGO,BROADCOM INC,2018-07-01 00:00:00-04:00,2018,3,7,18.08115005493164,19.57480023643909,20.52952892462193,16.099129435440013,1739626000,4722365022,85385790576.94257,85.38579057694257,,,,,,,,90.80257,57.395462,27.906605,5.9798045,,,,-6.556730354471552,Technology,Semiconductors,United States,37000,2018-Q3
AVGO,BROADCOM INC,2018-08-01 00:00:00-04:00,2018,3,8,17.857755661010742,18.202632466993336,18.258072703495746,16.532060502490296,708543000,4722365022,84330840704.97961,84.33084070497961,,,,,,,,90.80257,57.395462,27.906605,5.9798045,,,,-9.69196462029631,Technology,Semiconductors,United States,37000,2018-Q3
AVGO,BROADCOM INC,2018-09-01 00:00:00-04:00,2018,3,9,20.11616325378418,17.821877823585133,20.390922900995797,17.44112845865553,963452000,4722365022,94995865726.51212,94.99586572651212,,,,,,,,90.80257,57.395462,27.906605,5.9798045,,,,5.726145396490234,Technology,Semiconductors,United States,37000,2018-Q3
AVGO,BROADCOM INC,2018-10-01 00:00:00-04:00,2018,4,10,18.358192443847656,20.361665278384113,20.711595950011304,17.10468586948248,740940000,4722365022,86694085863.97087,86.69408586397087,,,,,,,,90.80257,57.395462,27.906605,5.9798045,,,,-11.68731169287196,Technology,Semiconductors,United States,37000,2018-Q4
AVGO,BROADCOM INC,2018-11-01 00:00:00-04:00,2018,4,11,19.50162696838379,18.495373480231915,19.92959319550747,17.55483295801875,645312000,4722365022,92093801067.58751,92.0938010675875,,,,,,,,90.80257,57.395462,27.906605,5.9798045,,,,-10.922357375584957,Technology,Semiconductors,United States,37000,2018-Q4
AVGO,BROADCOM INC,2018-12-01 00:00:00-05:00,2018,4,12,20.887380599975586,20.141520843752854,21.487848364848702,17.875188435736312,978162000,4722365022,98637835546.52608,98.63783554652608,,,,,,,,90.80257,57.395462,27.906605,5.9798045,,,,3.2212057828366225,Technology,Semiconductors,United States,37000,2018-Q4
AVGO,BROADCOM INC,2019-01-01 00:00:00-05:00,2019,1,1,22.267118453979492,20.656746768461193,22.723666368719737,19.119423889254097,749381000,4722365022,105153461327.80347,105.15346132780347,,,,,,,,90.80257,57.395462,27.906605,5.9798045,,,,13.224221119242019,Technology,Semiconductors,United States,37000,2019-Q1
AVGO,BROADCOM INC,2019-02-01 00:00:00-05:00,2019,1,2,22.85730743408203,22.341824019343047,23.79281747983723,21.98820596235062,415092000,4722365022,107940549123.80956,107.94054912380956,,,,,,,,90.80257,57.395462,27.906605,5.9798045,,,,16.965574160743714,Technology,Semiconductors,United States,37000,2019-Q1
AVGO,BROADCOM INC,2019-03-01 00:00:00-05:00,2019,1,3,24.961585998535156,23.054044279815958,25.176579526598516,21.515890039293975,726924000,4722365022,117877720613.12737,117.87772061312737,,,,,,,,90.80257,57.395462,27.906605,5.9798045,,,,33.593148204519196,Technology,Semiconductors,United States,37000,2019-Q1
AVGO,BROADCOM INC,2019-04-01 00:00:00-04:00,2019,2,4,26.666099548339844,25.385557836318757,27.005287290611534,25.104156416557984,407661000,4722365022,125927055780.25008,125.92705578025007,,,,,,,,90.80257,57.395462,27.906605,5.9798045,,,,44.474181729498866,Technology,Semiconductors,United States,37000,2019-Q2
AVGO,BROADCOM INC,2019-05-01 00:00:00-04:00,2019,2,5,21.074934005737305,26.841981826525593,27.068108115229702,20.945122008356368,642145000,4722365022,99523531189.65219,99.52353118965219,,,,,,,,90.80257,57.395462,27.906605,5.9798045,,,,3.921871255530762,Technology,Semiconductors,United States,37000,2019-Q2
AVGO,BROADCOM INC,2019-06-01 00:00:00-04:00,2019,2,6,24.108369827270508,21.151145508276507,24.434158565546845,21.038083966522123,737100000,4722365022,113848522409.74243,113.84852240974243,,,,,,,,90.80257,57.395462,27.906605,5.9798045,,,,23.500101127646555,Technology,Semiconductors,United States,37000,2019-Q2
AVGO,BROADCOM INC,2019-07-01 00:00:00-04:00,2019,3,7,24.519609451293945,25.508036344562036,25.85216950513014,23.033161465191483,520257000,4722365022,115790546025.89114,115.79054602589115,,,,,,,,90.80257,57.395462,27.906605,5.9798045,,,,35.60868294772108,Technology,Semiconductors,United States,37000,2019-Q3
AVGO,BROADCOM INC,2019-08-01 00:00:00-04:00,2019,3,8,23.898143768310547,24.446894806746393,25.181662517657074,22.195240421484637,452777000,4722365022,112855758222.19699,112.855758222197,,,,,,,,90.80257,57.395462,27.906605,5.9798045,,,,33.825012627359015,Technology,Semiconductors,United States,37000,2019-Q3
AVGO,BROADCOM INC,2019-09-01 00:00:00-04:00,2019,3,9,23.342622756958008,23.674916828560196,25.562991277914396,22.829384084683046,516459000,4722365022,110232385229.1997,110.2323852291997,,,,,,,,90.80257,57.395462,27.906605,5.9798045,,,,16.03913958377168,Technology,Semiconductors,United States,37000,2019-Q3
AVGO,BROADCOM INC,2019-10-01 00:00:00-04:00,2019,4,10,24.98927879333496,23.745147898808916,25.094237262231573,22.802237133183922,421659000,4722365022,118008496098.65138,118.00849609865138,,,,,,,,90.80257,57.395462,27.906605,5.9798045,,,,36.12058414666834,Technology,Semiconductors,United States,37000,2019-Q4
AVGO,BROADCOM INC,2019-11-01 00:00:00-04:00,2019,4,11,26.98261833190918,25.00122454995788,27.789853559029716,24.92442622780401,407842000,4722365022,127421773012.5839,127.4217730125839,,,,,,,,90.80257,57.395462,27.906605,5.9798045,,,,38.36085766409971,Technology,Semiconductors,United States,37000,2019-Q4
AVGO,BROADCOM INC,2019-12-01 00:00:00-05:00,2019,4,12,26.966398239135742,27.111461521904555,28.2617271421183,25.866478101603143,517592000,4722365022,127345175813.81702,127.34517581381702,,,,,,,,90.80257,57.395462,27.906605,5.9798045,,,,29.103781635344262,Technology,Semiconductors,United States,37000,2019-Q4
AVGO,BROADCOM INC,2020-01-01 00:00:00-05:00,2020,1,1,26.303470611572266,27.523999938356578,28.58076032420685,25.75526479690375,585943000,4722365022,124214589573.29382,124.21458957329382,,,,,,,,90.80257,57.395462,27.906605,5.9798045,,,,18.126962255735492,Technology,Semiconductors,United States,37000,2020-Q1
AVGO,BROADCOM INC,2020-02-01 00:00:00-05:00,2020,1,2,23.498666763305664,26.343986822152363,28.07393418410143,22.647054294643233,458786000,4722365022,110969281986.66862,110.96928198666862,,,,,,,,90.80257,57.395462,27.906605,5.9798045,,,,2.805926862003516,Technology,Semiconductors,United States,37000,2020-Q1
AVGO,BROADCOM INC,2020-03-01 00:00:00-05:00,2020,1,3,20.43699073791504,23.855512006107787,24.865724286840955,13.418079082823992,1195556000,4722365022,96510930215.66795,96.51093021566795,,,,,,,,90.80257,57.395462,27.906605,5.9798045,,,,-18.126233088256637,Technology,Semiconductors,United States,37000,2020-Q1
AVGO,BROADCOM INC,2020-04-01 00:00:00-04:00,2020,2,4,23.8104305267334,19.985788505239086,24.28116799422063,19.25732769993387,619989000,4722365022,112441544278.20683,112.44154427820683,,,,,,,,90.80257,57.395462,27.906605,5.9798045,,,,-10.708986578369807,Technology,Semiconductors,United States,37000,2020-Q2
AVGO,BROADCOM INC,2020-05-01 00:00:00-04:00,2020,2,5,25.53296661376953,23.31777741644755,25.59695896939308,22.331593235345895,419535000,4722365022,120575988444.75902,120.57598844475902,,,,,,,,90.80257,57.395462,27.906605,5.9798045,,,,21.15324587407297,Technology,Semiconductors,United States,37000,2020-Q2
AVGO,BROADCOM INC,2020-06-01 00:00:00-04:00,2020,2,6,27.66663360595703,25.45845654894238,28.76239391471048,25.19109076608693,652276000,4722365022,130651942817.26122,130.65194281726122,,,,,,,,90.80257,57.395462,27.906605,5.9798045,,,,14.759454099055436,Technology,Semiconductors,United States,37000,2020-Q2
AVGO,BROADCOM INC,2020-07-01 00:00:00-04:00,2020,3,7,28.05262565612793,27.907381195038937,28.723939768003266,26.939377023357736,379233000,4722365022,132474738173.75833,132.47473817375834,,,,,,,,90.80257,57.395462,27.906605,5.9798045,,,,14.408941593674275,Technology,Semiconductors,United States,37000,2020-Q3
AVGO,BROADCOM INC,2020-08-01 00:00:00-04:00,2020,3,8,30.744966506958008,28.163327298497308,31.048739443460978,28.099562516163356,310241000,4722365022,145188954435.02002,145.18895443502,,,,,,,,90.80257,57.395462,27.906605,5.9798045,,,,28.650019035062037,Technology,Semiconductors,United States,37000,2020-Q3
AVGO,BROADCOM INC,2020-09-01 00:00:00-04:00,2020,3,9,32.265625,30.997389646330063,33.562202148555095,30.419952180818036,518809000,4722365022,152370058912.96875,152.37005891296874,,,,,,,,90.80257,57.395462,27.906605,5.9798045,,,,38.22621963241988,Technology,Semiconductors,United States,37000,2020-Q3
AVGO,BROADCOM INC,2020-10-01 00:00:00-04:00,2020,4,10,31.24691390991211,32.97624777615616,34.65821696988552,30.781289143624193,337378000,4722365022,147559333293.6142,147.5593332936142,,,,,,,,90.80257,57.395462,27.906605,5.9798045,,,,25.041279375562286,Technology,Semiconductors,United States,37000,2020-Q4
AVGO,BROADCOM INC,2020-11-01 00:00:00-04:00,2020,4,11,35.8897590637207,31.730415703699713,35.94159326325362,30.9814824327977,300997000,4722365022,169484542850.52213,169.48454285052213,,,,,,,,90.80257,57.395462,27.906605,5.9798045,,,,33.010661242160076,Technology,Semiconductors,United States,37000,2020-Q4
AVGO,BROADCOM INC,2020-12-01 00:00:00-05:00,2020,4,12,39.13125991821289,36.057778792609476,39.18935008984564,35.578748806932715,401600000,4722365022,184792093104.55914,184.79209310455914,,,,,,,,90.80257,57.395462,27.906605,5.9798045,,,,45.11118456087531,Technology,Semiconductors,United States,37000,2020-Q4
AVGO,BROADCOM INC,2021-01-01 00:00:00-05:00,2021,1,1,40.604862213134766,39.598077409488454,42.36245408073965,37.904482555527906,321317000,4722365022,191750981038.43713,191.75098103843715,,,,,,,,90.80257,57.395462,27.906605,5.9798045,,,,54.37073994057109,Technology,Semiconductors,United States,37000,2021-Q1
AVGO,BROADCOM INC,2021-02-01 00:00:00-05:00,2021,1,2,42.35073471069336,41.08707138305803,44.62839291020058,40.8833729503419,317522000,4722365022,199995628253.7796,199.9956282537796,,,,,,,,90.80257,57.395462,27.906605,5.9798045,,,,80.22611724009012,Technology,Semiconductors,United States,37000,2021-Q1
AVGO,BROADCOM INC,2021-03-01 00:00:00-05:00,2021,1,3,41.79100799560547,43.23673932931086,44.242619749351284,37.789106321737385,724725000,4722365022,197352394392.56958,197.35239439256958,,,,,,,,90.80257,57.395462,27.906605,5.9798045,,,,104.4870917227266,Technology,Semiconductors,United States,37000,2021-Q1
AVGO,BROADCOM INC,2021-04-01 00:00:00-04:00,2021,2,4,41.440032958984375,42.88162455170711,44.477638106047586,40.786005845134255,405583000,4722365022,195694962156.03497,195.69496215603496,,,,,,,,90.80257,57.395462,27.906605,5.9798045,,,,74.04151055755655,Technology,Semiconductors,United States,37000,2021-Q2
AVGO,BROADCOM INC,2021-05-01 00:00:00-04:00,2021,2,5,42.90523910522461,41.76250145074502,43.113256875167004,38.07359663029394,355018000,4722365022,202614200411.05927,202.61420041105927,,,,,,,,90.80257,57.395462,27.906605,5.9798045,,,,68.03859792025295,Technology,Semiconductors,United States,37000,2021-Q2
AVGO,BROADCOM INC,2021-06-01 00:00:00-04:00,2021,2,6,43.314910888671875,43.187739063159945,43.47387913573415,41.643505793175194,377423000,4722365022,204548820111.711,204.548820111711,,,,,,,,90.80257,57.395462,27.906605,5.9798045,,,,56.56010595862859,Technology,Semiconductors,United States,37000,2021-Q2
AVGO,BROADCOM INC,2021-07-01 00:00:00-04:00,2021,3,7,44.4376220703125,43.745515257257296,45.22676932626771,41.71954674905695,323364000,4722365022,209850672125.69897,209.85067212569896,,,,,,,,90.80257,57.395462,27.906605,5.9798045,,,,58.408067091592784,Technology,Semiconductors,United States,37000,2021-Q3
AVGO,BROADCOM INC,2021-08-01 00:00:00-04:00,2021,3,8,45.51880645751953,44.77176935662742,46.49288123297616,42.355805762952706,264378000,4722365022,214956419458.17798,214.95641945817798,,,,,,,,90.80257,57.395462,27.906605,5.9798045,,,,48.05287378412984,Technology,Semiconductors,United States,37000,2021-Q3
AVGO,BROADCOM INC,2021-09-01 00:00:00-04:00,2021,3,9,44.39460372924805,45.432762442239635,46.753807714056194,44.353408590205056,372981000,4722365022,209647523816.55173,209.64752381655174,,,,,,,,90.80257,57.395462,27.906605,5.9798045,,,,37.591023664497584,Technology,Semiconductors,United States,37000,2021-Q3
AVGO,BROADCOM INC,2021-10-01 00:00:00-04:00,2021,4,10,49.03029251098633,44.989238078221724,49.43605663998122,43.599491626997455,341653000,4722365022,231538938372.3104,231.53893837231038,,,,,,,,90.80257,57.395462,27.906605,5.9798045,,,,56.91243190398077,Technology,Semiconductors,United States,37000,2021-Q4
AVGO,BROADCOM INC,2021-11-01 00:00:00-04:00,2021,4,11,51.0600471496582,48.907646281234776,53.22997063614378,48.40873889445022,343703000,4722365022,241124180681.2167,241.1241806812167,,,,,,,,90.80257,57.395462,27.906605,5.9798045,,,,42.26912768905278,Technology,Semiconductors,United States,37000,2021-Q4
AVGO,BROADCOM INC,2021-12-01 00:00:00-05:00,2021,4,12,61.36371612548828,51.96379121131178,62.502626368065584,50.167358958962545,602756000,4722365022,289781866650.94324,289.78186665094324,,,,,,,,90.80257,57.395462,27.906605,5.9798045,,,,56.81507892601159,Technology,Semiconductors,United States,37000,2021-Q4
AVGO,BROADCOM INC,2022-01-01 00:00:00-05:00,2022,1,1,54.375125885009766,61.84070998086368,62.38549882316308,47.648305311921234,627019000,4722365022,256779192546.21692,256.7791925462169,,,,,,,,90.80257,57.395462,27.906605,5.9798045,,,,33.9128442293313,Technology,Semiconductors,United States,37000,2022-Q1
AVGO,BROADCOM INC,2022-02-01 00:00:00-05:00,2022,1,2,54.51991271972656,54.37420422315504,57.0443276465267,50.95417911389786,451717000,4722365022,257462928830.1296,257.4629288301296,,,,,,,,90.80257,57.395462,27.906605,5.9798045,,,,28.73427838303959,Technology,Semiconductors,United States,37000,2022-Q1
AVGO,BROADCOM INC,2022-03-01 00:00:00-05:00,2022,1,3,58.44017791748047,54.27396853871637,59.89078750017538,52.308266887844326,552952000,4722365022,275975852076.96655,275.97585207696653,,,,,,,,90.80257,57.395462,27.906605,5.9798045,,,,39.83912023281597,Technology,Semiconductors,United States,37000,2022-Q1
AVGO,BROADCOM INC,2022-04-01 00:00:00-04:00,2022,2,4,51.80049133300781,59.023164545783416,59.493154259998605,51.70798969820615,425646000,4722365022,244620828393.41025,244.62082839341025,,,,,,,,90.80257,57.395462,27.906605,5.9798045,,,,25.001086230500324,Technology,Semiconductors,United States,37000,2022-Q2
AVGO,BROADCOM INC,2022-05-01 00:00:00-04:00,2022,2,5,54.205570220947266,52.057455258619605,56.903095536898796,47.88082307243423,609803000,4722365022,255978488808.9662,255.97848880896618,,,,,,,,90.80257,57.395462,27.906605,5.9798045,,,,26.337881693209365,Technology,Semiconductors,United States,37000,2022-Q2
AVGO,BROADCOM INC,2022-06-01 00:00:00-04:00,2022,2,6,45.3925895690918,54.90166281490638,55.21561304974611,44.91605929926444,468282000,4722365022,214360377239.08115,214.36037723908115,,,,,,,,90.80257,57.395462,27.906605,5.9798045,,,,4.79668233823678,Technology,Semiconductors,United States,37000,2022-Q2
AVGO,BROADCOM INC,2022-07-01 00:00:00-04:00,2022,3,7,50.448402404785156,45.16596212704119,50.66980012798797,43.70568018946152,394534000,4722365022,238235770932.13812,238.2357709321381,,,,,,,,90.80257,57.395462,27.906605,5.9798045,,,,13.526332090772009,Technology,Semiconductors,United States,37000,2022-Q3
AVGO,BROADCOM INC,2022-08-01 00:00:00-04:00,2022,3,8,47.02192687988281,50.06684635660493,52.81122715968775,46.77980322090819,398705000,4722365022,222054702764.6002,222.0547027646002,,,,,,,,90.80257,57.395462,27.906605,5.9798045,,,,3.3021964751340116,Technology,Semiconductors,United States,37000,2022-Q3
AVGO,BROADCOM INC,2022-09-01 00:00:00-04:00,2022,3,9,41.830875396728516,46.3021544807088,50.05083251436785,41.79601470466969,573525000,4722365022,197540662813.15112,197.54066281315113,,,,,,,,90.80257,57.395462,27.906605,5.9798045,,,,-5.7748647744556685,Technology,Semiconductors,United States,37000,2022-Q3
AVGO,BROADCOM INC,2022-10-01 00:00:00-04:00,2022,4,10,44.6621208190918,42.67848765959591,46.52225097334164,39.43228551349052,481500000,4722365022,210910837164.41708,210.91083716441707,,,,,,,,90.80257,57.395462,27.906605,5.9798045,,,,-8.909128353488304,Technology,Semiconductors,United States,37000,2022-Q4
AVGO,BROADCOM INC,2022-11-01 00:00:00-04:00,2022,4,11,52.34869384765625,45.20172985420779,52.40854455081302,41.92987691888773,460743000,4722365022,247209640773.55847,247.20964077355848,,,,,,,,90.80257,57.395462,27.906605,5.9798045,,,,2.5237867372526868,Technology,Semiconductors,United States,37000,2022-Q4
AVGO,BROADCOM INC,2022-12-01 00:00:00-05:00,2022,4,12,53.11820602416992,52.34869591771903,55.63764711312941,49.025541212848715,533563000,4722365022,250843558159.92972,250.84355815992973,,,,,,,,90.80257,57.395462,27.906605,5.9798045,,,,-13.437110106657112,Technology,Semiconductors,United States,37000,2022-Q4
AVGO,BROADCOM INC,2023-01-01 00:00:00-05:00,2023,1,1,56.04056930541992,54.12372772238555,57.636501167476474,52.685857181142204,445594000,4722365022,264644024300.88187,264.6440243008819,,,,,,,,90.80257,57.395462,27.906605,5.9798045,,,,3.062877360380112,Technology,Semiconductors,United States,37000,2023-Q1
AVGO,BROADCOM INC,2023-02-01 00:00:00-05:00,2023,1,2,56.92953872680664,55.90262254298351,59.10598244356388,54.80386362904618,376142000,4722365022,268842062402.0661,268.8420624020661,,,,,,,,90.80257,57.395462,27.906605,5.9798045,,,,4.419717286539648,Technology,Semiconductors,United States,37000,2023-Q1
AVGO,BROADCOM INC,2023-03-01 00:00:00-05:00,2023,1,3,61.455810546875,56.901756374685654,62.12253736164487,56.147853563526866,602645000,4722365022,290216770125.2212,290.2167701252212,,,,,,,,90.80257,57.395462,27.906605,5.9798045,,,,5.160204395087087,Technology,Semiconductors,United States,37000,2023-Q1
AVGO,BROADCOM INC,2023-04-01 00:00:00-04:00,2023,2,4,60.44702911376953,61.65307515609884,62.15865165926817,58.20185412525859,313005000,4722365022,285452935970.6809,285.4529359706809,,,,,,,,90.80257,57.395462,27.906605,5.9798045,,,,16.691999551077718,Technology,Semiconductors,United States,37000,2023-Q2
AVGO,BROADCOM INC,2023-05-01 00:00:00-04:00,2023,2,5,77.9549560546875,60.4470302943507,88.93673276332058,58.014676677008474,702882000,4722365022,368131757764.20337,368.13175776420337,,,,,,,,90.80257,57.395462,27.906605,5.9798045,,,,43.81355225475054,Technology,Semiconductors,United States,37000,2023-Q2
AVGO,BROADCOM INC,2023-06-01 00:00:00-04:00,2023,2,6,83.69284057617188,77.24676571307413,85.86565949848118,74.90800503768405,737363000,4722365022,395228142928.7364,395.22814292873636,,,,,,,,90.80257,57.395462,27.906605,5.9798045,,,,84.37555858932325,Technology,Semiconductors,United States,37000,2023-Q2
AVGO,BROADCOM INC,2023-07-01 00:00:00-04:00,2023,3,7,87.16697692871094,84.25413773333273,89.54633323941015,81.89806288242906,489146000,4722365022,411634282921.6255,411.63428292162547,,,,,,,,90.80257,57.395462,27.906605,5.9798045,,,,72.78441491428265,Technology,Semiconductors,United States,37000,2023-Q3
AVGO,BROADCOM INC,2023-08-01 00:00:00-04:00,2023,3,8,89.5182113647461,87.19899741547349,89.59386501432797,78.76213171943856,503589000,4722365022,422737670180.8798,422.73767018087983,,,,,,,,90.80257,57.395462,27.906605,5.9798045,,,,90.37546375634444,Technology,Semiconductors,United States,37000,2023-Q3
AVGO,BROADCOM INC,2023-09-01 00:00:00-04:00,2023,3,9,80.5643539428711,87.47931832345662,87.47931832345662,77.12190923884921,480275000,4722365022,380454287079.8422,380.45428707984223,,,,,,,,90.80257,57.395462,27.906605,5.9798045,,,,92.59542904323685,Technology,Semiconductors,United States,37000,2023-Q3
AVGO,BROADCOM INC,2023-10-01 00:00:00-04:00,2023,4,10,82.05543518066406,80.85488762320465,90.30028388913814,78.88973971244789,462210000,4722365022,387495716962.15625,387.4957169621562,,,,,,,,90.80257,57.395462,27.906605,5.9798045,,,,83.72489634569187,Technology,Semiconductors,United States,37000,2023-Q4
AVGO,BROADCOM INC,2023-11-01 00:00:00-04:00,2023,4,11,90.2827377319336,82.11688507331834,97.51331645269325,81.48979512591639,605942000,4722365022,426348042755.6828,426.3480427556828,,,,,,,,90.80257,57.395462,27.906605,5.9798045,,,,72.46416499840849,Technology,Semiconductors,United States,37000,2023-Q4
AVGO,BROADCOM INC,2023-12-01 00:00:00-05:00,2023,4,12,108.86338806152344,89.96382830302416,112.33238680693368,88.07572058281232,925405000,4722365022,514092655958.15063,514.0926559581507,,,,,,,,90.80257,57.395462,27.906605,5.9798045,,,,104.94552849165926,Technology,Semiconductors,United States,37000,2023-Q4
AVGO,BROADCOM INC,2024-01-01 00:00:00-05:00,2024,1,1,115.60983276367188,106.99983748245265,125.85306168936776,102.0413542802493,582842000,4722365022,545951830442.43365,545.9518304424337,,,,,,,,90.80257,57.395462,27.906605,5.9798045,,,,106.29667791845714,Technology,Semiconductors,United States,37000,2024-Q1
AVGO,BROADCOM INC,2024-02-01 00:00:00-05:00,2024,1,2,127.41477966308594,116.32995570653094,129.2890402093185,115.52264874648931,479771000,4722365022,601699098766.794,601.6990987667939,,,,,,,,90.80257,57.395462,27.906605,5.9798045,,,,123.8113684260182,Technology,Semiconductors,United States,37000,2024-Q1
AVGO,BROADCOM INC,2024-03-01 00:00:00-05:00,2024,1,3,129.85629272460938,129.90724134298856,140.90389067188403,117.96317644283359,826483000,4722365022,613228814649.2883,613.2288146492883,,,,,,,,90.80257,57.395462,27.906605,5.9798045,,,,111.30026854915917,Technology,Semiconductors,United States,37000,2024-Q1
AVGO,BROADCOM INC,2024-04-01 00:00:00-04:00,2024,2,4,127.93575286865234,130.43588601712958,138.13995697704382,117.82994645345849,524162000,4722365022,604159324410.16,604.15932441016,,,,,,,,90.80257,57.395462,27.906605,5.9798045,,,,111.6493643184016,Technology,Semiconductors,United States,37000,2024-Q2
AVGO,BROADCOM INC,2024-05-01 00:00:00-04:00,2024,2,5,130.71826171875,125.77703595352581,142.21532707698248,120.36352682331469,529539000,4722365022,617299346877.2666,617.2993468772667,,,,,,,,90.80257,57.395462,27.906605,5.9798045,,,,67.68435046906782,Technology,Semiconductors,United States,37000,2024-Q2
AVGO,BROADCOM INC,2024-06-01 00:00:00-04:00,2024,2,6,157.97079467773438,133.09443547969843,182.184012900882,128.15812636270908,1002833000,4722365022,745995755283.6765,745.9957552836765,,,,,,,,90.80257,57.395462,27.906605,5.9798045,,,,88.75066683148296,Technology,Semiconductors,United States,37000,2024-Q2
AVGO,BROADCOM INC,2024-07-01 00:00:00-04:00,2024,3,7,158.59776306152344,158.73596327966038,174.80301882754455,141.49235336814948,747793200,4722365022,748956528849.1819,748.9565288491818,13072000000.0,13072.0,8356000000.0,-1875000000.0,4091000000.0,6394000000.0,14.323679024808404,90.80257,57.395462,27.906605,5.9798045,,,,81.94707290495093,Technology,Semiconductors,United States,37000,2024-Q3
AVGO,BROADCOM INC,2024-08-01 00:00:00-04:00,2024,3,8,160.7100372314453,155.4589714122167,170.18562264279697,126.83477985060219,529951400,4722365022,758931458506.0951,758.931458506095,13072000000.0,13072.0,8356000000.0,-1875000000.0,4091000000.0,6394000000.0,14.514448028344843,90.80257,57.395462,27.906605,5.9798045,,0.0,,79.52775729245174,Technology,Semiconductors,United States,37000,2024-Q3
AVGO,BROADCOM INC,2024-09-01 00:00:00-04:00,2024,3,9,170.26458740234375,158.30165425482866,177.91415582186934,133.15183652964407,693183600,4722365022,804051532034.09,804.05153203409,13072000000.0,13072.0,8356000000.0,-1875000000.0,4091000000.0,6394000000.0,15.37736253125172,90.80257,57.395462,27.906605,5.9798045,,0.0,,111.3398532595196,Technology,Semiconductors,United States,37000,2024-Q3
AVGO,BROADCOM INC,2024-10-01 00:00:00-04:00,2024,4,10,168.12112426757812,170.4879109452863,184.60940619300504,164.18968142272138,440173000,4722365022,793929316700.5264,793.9293167005263,14054000000.0,14054.0,9002000000.0,4324000000.0,4945000000.0,7290000000.0,14.122835432982182,90.80257,57.395462,27.906605,5.9798045,,7.512239902080786,,104.88724957392583,Technology,Semiconductors,United States,37000,2024-Q4
AVGO,BROADCOM INC,2024-11-01 00:00:00-04:00,2024,4,11,160.50579833984375,166.6257677805808,183.25270321487653,156.00988466918645,362661900,4722365022,757966967908.2638,757.9669679082638,14054000000.0,14054.0,9002000000.0,4324000000.0,4945000000.0,7290000000.0,13.483118114207056,90.80257,57.395462,27.906605,5.9798045,,0.0,7.512239902080786,77.78127067481672,Technology,Semiconductors,United States,37000,2024-Q4
AVGO,BROADCOM INC,2024-12-01 00:00:00-05:00,2024,4,12,229.5882568359375,161.36734964507048,249.43362735647676,161.16929516161323,950991400,4722365022,1084199553543.9836,1084.1995535439837,14054000000.0,14054.0,9002000000.0,4324000000.0,4945000000.0,7290000000.0,19.286316236373697,90.80257,57.395462,27.906605,5.9798045,,0.0,7.512239902080786,110.89574826220473,Technology,Semiconductors,United States,37000,2024-Q4
AVGO,BROADCOM INC,2025-01-01 00:00:00-05:00,2025,1,1,219.70802307128906,234.4929115164669,247.82809967429995,194.8447760478981,637934500,4722365022,1037541483204.6245,1037.5414832046245,14916000000.0,14916.0,10145000000.0,5503000000.0,6432000000.0,8537000000.0,17.389740600774747,90.80257,57.395462,27.906605,5.9798045,,6.133485128788951,14.106487148102808,90.04267874032253,Technology,Semiconductors,United States,37000,2025-Q1
AVGO,BROADCOM INC,2025-02-01 00:00:00-05:00,2025,1,2,198.02220153808594,213.93905851590642,236.25042717719836,191.78653373683107,455767900,4722365022,935133118122.8916,935.1331181228916,14916000000.0,14916.0,10145000000.0,5503000000.0,6432000000.0,8537000000.0,15.67332257513562,90.80257,57.395462,27.906605,5.9798045,,0.0,6.133485128788951,55.41540946953116,Technology,Semiconductors,United States,37000,2025-Q1
AVGO,BROADCOM INC,2025-03-01 00:00:00-05:00,2025,1,3,166.24807739257812,202.55993114542903,202.61950517159394,159.48615270351297,751937100,4722365022,785084105653.46,785.0841056534599,14916000000.0,14916.0,10145000000.0,5503000000.0,6432000000.0,8537000000.0,13.158422258874028,90.80257,57.395462,27.906605,5.9798045,,0.0,6.133485128788951,28.02466011034681,Technology,Semiconductors,United States,37000,2025-Q1
AVGO,BROADCOM INC,2025-04-01 00:00:00-04:00,2025,2,4,191.68960571289062,165.6954255946604,192.58595046306948,137.54006105385315,711019700,4722365022,905228289099.5261,905.2282890995261,15004000000.0,15004.0,10197000000.0,4965000000.0,5915000000.0,8020000000.0,15.083115987395463,90.80257,57.395462,27.906605,5.9798045,,0.5899705014749346,6.759641383236081,49.8327101023061,Technology,Semiconductors,United States,37000,2025-Q2
AVGO,BROADCOM INC,2025-05-01 00:00:00-04:00,2025,2,5,241.0885009765625,197.33661333916152,245.07228242295471,195.14553658302984,401690800,4722365022,1138507904218.1316,1138.5079042181317,15004000000.0,15004.0,10197000000.0,4965000000.0,5915000000.0,8020000000.0,18.970073050821973,90.80257,57.395462,27.906605,5.9798045,,0.0,0.5899705014749346,84.43368034933192,Technology,Semiconductors,United States,37000,2025-Q2
AVGO,BROADCOM INC,2025-06-01 00:00:00-04:00,2025,2,6,274.5323486328125,242.26372314018525,276.5839937641778,240.13240055167978,541203900,4722365022,1296441960591.1033,1296.4419605911032,15004000000.0,15004.0,10197000000.0,4965000000.0,5915000000.0,8020000000.0,21.601605581696603,90.80257,57.395462,27.906605,5.9798045,,0.0,0.5899705014749346,73.78677444325552,Technology,Semiconductors,United States,37000,2025-Q2
AVGO,BROADCOM INC,2025-07-01 00:00:00-04:00,2025,3,7,293.1976623535156,273.9306551460269,306.42499931203645,262.2107452049083,376938200,4722365022,1384586385230.4084,1384.5863852304085,15952000000.0,15952.0,10703000000.0,4140000000.0,6074000000.0,8294000000.0,21.69926004937325,90.80257,57.395462,27.906605,5.9798045,,6.318315115969075,6.945561812818446,84.86872493893753,Technology,Semiconductors,United States,37000,2025-Q3
AVGO,BROADCOM INC,2025-08-01 00:00:00-04:00,2025,3,8,296.88134765625,286.04989980855345,316.807198796195,281.12830911106033,374026400,4722365022,1401982091856.0967,1401.9820918560968,15952000000.0,15952.0,10703000000.0,4140000000.0,6074000000.0,8294000000.0,21.97188584277985,90.80257,57.395462,27.906605,5.9798045,,0.0,6.318315115969075,84.73105524124709,Technology,Semiconductors,United States,37000,2025-Q3
AVGO,BROADCOM INC,2025-09-01 00:00:00-04:00,2025,3,9,329.3457336425781,288.8451162688644,373.5899371078024,286.67884484452395,633889800,4722365022,1555290772698.6396,1555.2907726986396,15952000000.0,15952.0,10703000000.0,4140000000.0,6074000000.0,8294000000.0,24.374541949264035,90.80257,57.395462,27.906605,5.9798045,,0.0,6.318315115969075,93.43172803415524,Technology,Semiconductors,United States,37000,2025-Q3
AVGO,BROADCOM INC,2025-10-01 00:00:00-04:00,2025,4,10,354.1300048828125,328.1499938964844,363.239990234375,324.04998779296875,389154486,4722365022,1672331148299.283,1672.3311482992829,,,,,,,,90.80257,57.395462,27.906605,5.9798045,,0.0,6.318315115969075,110.63980295491388,Technology,Semiconductors,United States,37000,2025-Q4
