ticker,company_name,date,year,quarter,month,close_price,open_price,high_price,low_price,volume,shares_outstanding,market_cap,market_cap_billions,revenue,revenue_millions,gross_profit,net_income,operating_income,ebitda,ps_ratio,current_pe,forward_pe,current_ps,current_pb,peg_ratio,revenue_qoq_pct,revenue_yoy_pct,market_cap_yoy_pct,sector,industry,country,employees,year_quarter
BABA,ALIBABA GRP-ADR,2015-01-01 00:00:00-05:00,2015,1,1,84.59883117675781,98.99620341126146,100.04086644779072,82.96535463990222,379702000,2319000000,196184689498.90137,196.18468949890138,,,,,,,,20.914549,18.350557,0.42298096,0.41475457,,,,,Consumer Cyclical,Internet Retail,Hong Kong,123711,2015-Q1
BABA,ALIBABA GRP-ADR,2015-02-01 00:00:00-05:00,2015,1,2,80.83804321289062,86.54570510170967,87.2579763711335,79.66041616394597,254007500,2319000000,187463422210.69336,187.46342221069335,,,,,,,,20.914549,18.350557,0.42298096,0.41475457,,,,,Consumer Cyclical,Internet Retail,Hong Kong,123711,2015-Q1
BABA,ALIBABA GRP-ADR,2015-03-01 00:00:00-05:00,2015,1,3,79.05260467529297,80.7240697963133,82.66144834089651,76.00408479128035,389178100,2319000000,183322990242.0044,183.3229902420044,,,,,,,,20.914549,18.350557,0.42298096,0.41475457,,,,,Consumer Cyclical,Internet Retail,Hong Kong,123711,2015-Q1
BABA,ALIBABA GRP-ADR,2015-04-01 00:00:00-04:00,2015,2,4,77.20071411132812,79.17608162149898,83.27876408730081,76.39347474047516,337200600,2319000000,179028456024.16992,179.0284560241699,,,,,,,,20.914549,18.350557,0.42298096,0.41475457,,,,,Consumer Cyclical,Internet Retail,Hong Kong,123711,2015-Q2
BABA,ALIBABA GRP-ADR,2015-05-01 00:00:00-04:00,2015,2,5,84.8267593383789,76.95378671210239,90.27800675280318,73.85777890201003,457293200,2319000000,196713254905.70068,196.7132549057007,,,,,,,,20.914549,18.350557,0.42298096,0.41475457,,,,,Consumer Cyclical,Internet Retail,Hong Kong,123711,2015-Q2
BABA,ALIBABA GRP-ADR,2015-06-01 00:00:00-04:00,2015,2,6,78.13140869140625,85.55802370360556,86.99206526000158,76.73536305213662,248041200,2319000000,181186736755.3711,181.1867367553711,,,,,,,,20.914549,18.350557,0.42298096,0.41475457,,,,,Consumer Cyclical,Internet Retail,Hong Kong,123711,2015-Q2
BABA,ALIBABA GRP-ADR,2015-07-01 00:00:00-04:00,2015,3,7,74.39910125732422,78.44480390100094,81.08495478617667,72.3762535582847,255413600,2319000000,172531515815.73486,172.53151581573485,,,,,,,,20.914549,18.350557,0.42298096,0.41475457,,,,,Consumer Cyclical,Internet Retail,Hong Kong,123711,2015-Q3
BABA,ALIBABA GRP-ADR,2015-08-01 00:00:00-04:00,2015,3,8,62.79383850097656,74.26614904970825,76.91579907435616,55.08231218645722,381320300,2319000000,145618911483.76465,145.61891148376463,,,,,,,,20.914549,18.350557,0.42298096,0.41475457,,,,,Consumer Cyclical,Internet Retail,Hong Kong,123711,2015-Q3
BABA,ALIBABA GRP-ADR,2015-09-01 00:00:00-04:00,2015,3,9,56.003517150878906,61.14136350211763,64.65523946502434,54.322556510867415,455445000,2319000000,129872156272.88818,129.8721562728882,,,,,,,,20.914549,18.350557,0.42298096,0.41475457,,,,,Consumer Cyclical,Internet Retail,Hong Kong,123711,2015-Q3
BABA,ALIBABA GRP-ADR,2015-10-01 00:00:00-04:00,2015,4,10,79.6129379272461,56.506855579195985,80.19225248846217,55.27225273647926,387890900,2319000000,184622403053.2837,184.6224030532837,,,,,,,,20.914549,18.350557,0.42298096,0.41475457,,,,,Consumer Cyclical,Internet Retail,Hong Kong,123711,2015-Q4
BABA,ALIBABA GRP-ADR,2015-11-01 00:00:00-04:00,2015,4,11,79.85035705566406,79.31852293054429,82.07263986989327,71.83492896550852,466058900,2319000000,185172978012.08496,185.17297801208497,,,,,,,,20.914549,18.350557,0.42298096,0.41475457,,,,,Consumer Cyclical,Internet Retail,Hong Kong,123711,2015-Q4
BABA,ALIBABA GRP-ADR,2015-12-01 00:00:00-05:00,2015,4,12,77.18171691894531,79.55595464833526,81.50283248467444,75.01641326903743,313918900,2319000000,178984401535.03418,178.98440153503418,,,,,,,,20.914549,18.350557,0.42298096,0.41475457,,,,,Consumer Cyclical,Internet Retail,Hong Kong,123711,2015-Q4
BABA,ALIBABA GRP-ADR,2016-01-01 00:00:00-05:00,2016,1,1,63.65805435180664,74.24715499455279,74.72200249202484,62.05306749175983,350907700,2319000000,147623028041.8396,147.6230280418396,,,,,,,,20.914549,18.350557,0.42298096,0.41475457,,,,-24.75303326732523,Consumer Cyclical,Internet Retail,Hong Kong,123711,2016-Q1
BABA,ALIBABA GRP-ADR,2016-02-01 00:00:00-05:00,2016,1,2,65.3485107421875,63.15471760705989,67.02947495257186,56.26942884538795,314557500,2319000000,151543196411.1328,151.5431964111328,,,,,,,,20.914549,18.350557,0.42298096,0.41475457,,,,-19.161191754618233,Consumer Cyclical,Internet Retail,Hong Kong,123711,2016-Q1
BABA,ALIBABA GRP-ADR,2016-03-01 00:00:00-05:00,2016,1,3,75.05438995361328,66.49763651490917,75.82364053647038,66.34568909221028,231368600,2319000000,174051130302.4292,174.0511303024292,,,,,,,,20.914549,18.350557,0.42298096,0.41475457,,,,-5.057663486361108,Consumer Cyclical,Internet Retail,Hong Kong,123711,2016-Q1
BABA,ALIBABA GRP-ADR,2016-04-01 00:00:00-04:00,2016,2,4,73.06954193115234,74.30414119045207,77.66606265036404,71.8539333854302,215883400,2319000000,169448267738.3423,169.44826773834228,,,,,,,,20.914549,18.350557,0.42298096,0.41475457,,,,-5.351209801269952,Consumer Cyclical,Internet Retail,Hong Kong,123711,2016-Q2
BABA,ALIBABA GRP-ADR,2016-05-01 00:00:00-04:00,2016,2,5,77.87499237060547,73.02205019322844,77.90348206217708,70.39139815121138,376897900,2319000000,180592107307.43408,180.59210730743408,,,,,,,,20.914549,18.350557,0.42298096,0.41475457,,,,-8.195252326028902,Consumer Cyclical,Internet Retail,Hong Kong,123711,2016-Q2
BABA,ALIBABA GRP-ADR,2016-06-01 00:00:00-04:00,2016,2,6,75.52924346923828,77.87499131824197,77.87499131824197,69.6126475766189,375743600,2319000000,175152315605.16357,175.15231560516358,,,,,,,,20.914549,18.350557,0.42298096,0.41475457,,,,-3.33049827943801,Consumer Cyclical,Internet Retail,Hong Kong,123711,2016-Q2
BABA,ALIBABA GRP-ADR,2016-07-01 00:00:00-04:00,2016,3,7,78.33084869384766,75.13987283656358,80.7240769640117,73.77230968469955,205205900,2319000000,181649238121.0327,181.6492381210327,,,,,,,,20.914549,18.350557,0.42298096,0.41475457,,,,5.284670607679387,Consumer Cyclical,Internet Retail,Hong Kong,123711,2016-Q3
BABA,ALIBABA GRP-ADR,2016-08-01 00:00:00-04:00,2016,3,8,92.30085754394531,78.6252483651715,93.88684642364927,78.43530502156769,450586700,2319000000,214045688644.40918,214.04568864440918,,,,,,,,20.914549,18.350557,0.42298096,0.41475457,,,,46.99030947520411,Consumer Cyclical,Internet Retail,Hong Kong,123711,2016-Q3
BABA,ALIBABA GRP-ADR,2016-09-01 00:00:00-04:00,2016,3,9,100.4682388305664,92.4053299954555,104.34299632034903,92.12041858612514,420599700,2319000000,232985845848.0835,232.9858458480835,,,,,,,,20.914549,18.350557,0.42298096,0.41475457,,,,79.39630212848101,Consumer Cyclical,Internet Retail,Hong Kong,123711,2016-Q3
BABA,ALIBABA GRP-ADR,2016-10-01 00:00:00-04:00,2016,4,10,96.57449340820312,100.14534163317526,103.51676200971256,94.01981136661968,240132000,2319000000,223956250213.62305,223.95625021362304,,,,,,,,20.914549,18.350557,0.42298096,0.41475457,,,,21.30502393525191,Consumer Cyclical,Internet Retail,Hong Kong,123711,2016-Q4
BABA,ALIBABA GRP-ADR,2016-11-01 00:00:00-04:00,2016,4,11,89.29032135009766,95.37786982149251,98.86324875745915,83.45919458807023,330458400,2319000000,207064255210.87646,207.06425521087647,,,,,,,,20.914549,18.350557,0.42298096,0.41475457,,,,11.822068983176814,Consumer Cyclical,Internet Retail,Hong Kong,123711,2016-Q4
BABA,ALIBABA GRP-ADR,2016-12-01 00:00:00-05:00,2016,4,12,83.39271545410156,89.27132981019393,89.32356332490679,81.68326880509484,218116600,2319000000,193387707138.06152,193.38770713806153,,,,,,,,20.914549,18.350557,0.42298096,0.41475457,,,,8.047240697792347,Consumer Cyclical,Internet Retail,Hong Kong,123711,2016-Q4
BABA,ALIBABA GRP-ADR,2017-01-01 00:00:00-05:00,2017,1,1,96.21359252929688,84.52285007859082,99.3096000777968,83.64913246840719,239221800,2319000000,223119321075.43945,223.11932107543944,,,,,,,,20.914549,18.350557,0.42298096,0.41475457,,,,51.14127113840434,Consumer Cyclical,Internet Retail,Hong Kong,123711,2017-Q1
BABA,ALIBABA GRP-ADR,2017-02-01 00:00:00-05:00,2017,1,2,97.72361755371094,96.93536895989077,99.90791171986592,94.98849129960679,160503400,2319000000,226621069107.05566,226.62106910705566,,,,,,,,20.914549,18.350557,0.42298096,0.41475457,,,,49.54222589593431,Consumer Cyclical,Internet Retail,Hong Kong,123711,2017-Q1
BABA,ALIBABA GRP-ADR,2017-03-01 00:00:00-05:00,2017,1,3,102.4056167602539,98.46438093908164,104.89381310012607,96.96386105366986,205442400,2319000000,237478625267.0288,237.4786252670288,,,,,,,,20.914549,18.350557,0.42298096,0.41475457,,,,36.441874783799875,Consumer Cyclical,Internet Retail,Hong Kong,123711,2017-Q1
BABA,ALIBABA GRP-ADR,2017-04-01 00:00:00-04:00,2017,2,4,109.68978118896484,103.37430748957144,110.15512974705956,101.38944826022978,172115600,2319000000,254370602577.20947,254.37060257720947,,,,,,,,20.914549,18.350557,0.42298096,0.41475457,,,,50.116968424842256,Consumer Cyclical,Internet Retail,Hong Kong,123711,2017-Q2
BABA,ALIBABA GRP-ADR,2017-05-01 00:00:00-04:00,2017,2,5,116.29965209960938,109.81323332833836,120.04145282337942,108.26523304324066,277888800,2319000000,269698893218.99414,269.69889321899416,,,,,,,,20.914549,18.350557,0.42298096,0.41475457,,,,49.341461949866726,Consumer Cyclical,Internet Retail,Hong Kong,123711,2017-Q2
BABA,ALIBABA GRP-ADR,2017-06-01 00:00:00-04:00,2017,2,6,133.81202697753906,116.64154595080664,140.83027282940284,116.10971904048786,553042600,2319000000,310310090560.9131,310.31009056091307,,,,,,,,20.914549,18.350557,0.42298096,0.41475457,,,,77.16585104157481,Consumer Cyclical,Internet Retail,Hong Kong,123711,2017-Q2
BABA,ALIBABA GRP-ADR,2017-07-01 00:00:00-04:00,2017,3,7,147.1552276611328,134.61925738490447,152.32157043950443,132.47769066375065,273542200,2319000000,341252972946.167,341.252972946167,,,,,,,,20.914549,18.350557,0.42298096,0.41475457,,,,87.86369625111803,Consumer Cyclical,Internet Retail,Hong Kong,123711,2017-Q3
BABA,ALIBABA GRP-ADR,2017-08-01 00:00:00-04:00,2017,3,8,163.1006317138672,148.38985029790354,168.09602241746515,140.08001868122096,473139700,2319000000,378230364944.458,378.230364944458,,,,,,,,20.914549,18.350557,0.42298096,0.41475457,,,,76.70543487227455,Consumer Cyclical,Internet Retail,Hong Kong,123711,2017-Q3
BABA,ALIBABA GRP-ADR,2017-09-01 00:00:00-04:00,2017,3,9,164.02183532714844,163.33805374491988,171.77133577374522,158.39962798633667,363859100,2319000000,380366636123.6572,380.3666361236572,,,,,,,,20.914549,18.350557,0.42298096,0.41475457,,,,63.25740078290942,Consumer Cyclical,Internet Retail,Hong Kong,123711,2017-Q3
BABA,ALIBABA GRP-ADR,2017-10-01 00:00:00-04:00,2017,4,10,175.58909606933594,165.7882518690359,175.80752184699676,160.09957398777067,337678900,2319000000,407191113784.79004,407.19111378479005,,,,,,,,20.914549,18.350557,0.42298096,0.41475457,,,,81.81725823520732,Consumer Cyclical,Internet Retail,Hong Kong,123711,2017-Q4
BABA,ALIBABA GRP-ADR,2017-11-01 00:00:00-04:00,2017,4,11,168.1719970703125,178.42870625711498,182.10402137333406,164.8860459017391,420233600,2319000000,389990861206.0547,389.99086120605466,,,,,,,,20.914549,18.350557,0.42298096,0.41475457,,,,88.34291838969686,Consumer Cyclical,Internet Retail,Hong Kong,123711,2017-Q4
BABA,ALIBABA GRP-ADR,2017-12-01 00:00:00-05:00,2017,4,12,163.7559051513672,166.4530500183227,171.59088905720674,155.98740685262396,416246000,2319000000,379749944046.0205,379.7499440460205,,,,,,,,20.914549,18.350557,0.42298096,0.41475457,,,,96.36715780228626,Consumer Cyclical,Internet Retail,Hong Kong,123711,2017-Q4
BABA,ALIBABA GRP-ADR,2018-01-01 00:00:00-05:00,2018,1,1,194.01318359375,167.52524891140743,195.82710450686363,166.8614072427723,445133200,2319000000,449916572753.90625,449.9165727539062,,,,,,,,20.914549,18.350557,0.42298096,0.41475457,,,,101.64841421410733,Consumer Cyclical,Internet Retail,Hong Kong,123711,2018-Q1
BABA,ALIBABA GRP-ADR,2018-02-01 00:00:00-05:00,2018,1,2,176.77622985839844,183.05371449948115,189.45466412993815,160.3844990842508,444924200,2319000000,409944077041.626,409.944077041626,,,,,,,,20.914549,18.350557,0.42298096,0.41475457,,,,80.89407073089423,Consumer Cyclical,Internet Retail,Hong Kong,123711,2018-Q1
BABA,ALIBABA GRP-ADR,2018-03-01 00:00:00-05:00,2018,1,3,174.30702209472656,176.81421643260651,191.36355147039814,166.62399266246223,382712800,2319000000,404217984237.6709,404.2179842376709,,,,,,,,20.914549,18.350557,0.42298096,0.41475457,,,,70.21236491627609,Consumer Cyclical,Internet Retail,Hong Kong,123711,2018-Q1
BABA,ALIBABA GRP-ADR,2018-04-01 00:00:00-04:00,2018,2,4,169.55853271484375,173.6137342738819,174.3924911011387,157.7728292097308,323468000,2319000000,393206237365.72266,393.20623736572264,,,,,,,,20.914549,18.350557,0.42298096,0.41475457,,,,54.58006286177359,Consumer Cyclical,Internet Retail,Hong Kong,123711,2018-Q2
BABA,ALIBABA GRP-ADR,2018-05-01 00:00:00-04:00,2018,2,5,188.0491180419922,168.64685446507767,192.10432010122003,166.92790868459102,412790400,2319000000,436085904739.3799,436.0859047393799,,,,,,,,20.914549,18.350557,0.42298096,0.41475457,,,,61.69362044258755,Consumer Cyclical,Internet Retail,Hong Kong,123711,2018-Q2
BABA,ALIBABA GRP-ADR,2018-06-01 00:00:00-04:00,2018,2,6,176.19691467285156,189.46415516904744,201.0504314340282,172.88247385932942,408863800,2319000000,408600645126.3428,408.6006451263428,,,,,,,,20.914549,18.350557,0.42298096,0.41475457,,,,31.674946305407214,Consumer Cyclical,Internet Retail,Hong Kong,123711,2018-Q2
BABA,ALIBABA GRP-ADR,2018-07-01 00:00:00-04:00,2018,3,7,177.81138610839844,172.52159263316867,188.37200408421424,171.9517698517012,321778400,2319000000,412344604385.376,412.344604385376,,,,,,,,20.914549,18.350557,0.42298096,0.41475457,,,,20.83253101810303,Consumer Cyclical,Internet Retail,Hong Kong,123711,2018-Q3
BABA,ALIBABA GRP-ADR,2018-08-01 00:00:00-04:00,2018,3,8,166.20611572265625,176.64326892603006,179.54933328977023,157.07005451538504,605639200,2319000000,385431982360.83984,385.43198236083987,,,,,,,,20.914549,18.350557,0.42298096,0.41475457,,,,1.9040294180080908,Consumer Cyclical,Internet Retail,Hong Kong,123711,2018-Q3
BABA,ALIBABA GRP-ADR,2018-09-01 00:00:00-04:00,2018,3,9,156.47174072265625,164.7720801195735,165.1994399651604,145.16088444937046,433303500,2319000000,362857966735.83984,362.85796673583985,,,,,,,,20.914549,18.350557,0.42298096,0.41475457,,,,-4.60310335476567,Consumer Cyclical,Internet Retail,Hong Kong,123711,2018-Q3
BABA,ALIBABA GRP-ADR,2018-10-01 00:00:00-04:00,2018,4,10,135.1226043701172,157.57339374489246,157.60188343579276,123.51733023099706,544315500,2319000000,313349319534.30176,313.34931953430174,,,,,,,,20.914549,18.350557,0.42298096,0.41475457,,,,-23.046130201182592,Consumer Cyclical,Internet Retail,Hong Kong,123711,2018-Q4
BABA,ALIBABA GRP-ADR,2018-11-01 00:00:00-04:00,2018,4,11,152.7679443359375,137.68678250088152,152.7679443359375,131.6467214817832,456396300,2319000000,354268862915.03906,354.26886291503905,,,,,,,,20.914549,18.350557,0.42298096,0.41475457,,,,-9.159701378782215,Consumer Cyclical,Internet Retail,Hong Kong,123711,2018-Q4
BABA,ALIBABA GRP-ADR,2018-12-01 00:00:00-05:00,2018,4,12,130.17471313476562,160.1565796350238,160.30853432753602,123.24193606926397,344658200,2319000000,301875159759.5215,301.87515975952147,,,,,,,,20.914549,18.350557,0.42298096,0.41475457,,,,-20.506858659882166,Consumer Cyclical,Internet Retail,Hong Kong,123711,2018-Q4
BABA,ALIBABA GRP-ADR,2019-01-01 00:00:00-05:00,2019,1,1,160.0141143798828,127.38259388307385,161.19172689531044,123.29890252023075,361418500,2319000000,371072731246.94824,371.07273124694825,,,,,,,,20.914549,18.350557,0.42298096,0.41475457,,,,-17.524102529578023,Consumer Cyclical,Internet Retail,Hong Kong,123711,2019-Q1
BABA,ALIBABA GRP-ADR,2019-02-01 00:00:00-05:00,2019,1,2,173.8226776123047,159.5487626816853,175.62709234615488,155.51255886384504,223664600,2319000000,403094789382.9346,403.09478938293455,,,,,,,,20.914549,18.350557,0.42298096,0.41475457,,,,-1.6707858564805944,Consumer Cyclical,Internet Retail,Hong Kong,123711,2019-Q1
BABA,ALIBABA GRP-ADR,2019-03-01 00:00:00-05:00,2019,1,3,173.2718505859375,175.779044816913,178.6186380957752,162.93442568396685,233412700,2319000000,401817421508.78906,401.81742150878904,,,,,,,,20.914549,18.350557,0.42298096,0.41475457,,,,-0.5938782593775893,Consumer Cyclical,Internet Retail,Hong Kong,123711,2019-Q1
BABA,ALIBABA GRP-ADR,2019-04-01 00:00:00-04:00,2019,2,4,176.2349090576172,175.77904502149417,180.24260864736272,167.86808388982365,260675200,2319000000,408688754104.61426,408.68875410461425,,,,,,,,20.914549,18.350557,0.42298096,0.41475457,,,,3.937505376978856,Consumer Cyclical,Internet Retail,Hong Kong,123711,2019-Q2
BABA,ALIBABA GRP-ADR,2019-05-01 00:00:00-04:00,2019,2,5,141.75146484375,177.35553419411335,185.8742991644997,140.50736676183632,511785500,2319000000,328721646972.65625,328.72164697265623,,,,,,,,20.914549,18.350557,0.42298096,0.41475457,,,,-24.61997890779989,Consumer Cyclical,Internet Retail,Hong Kong,123711,2019-Q2
BABA,ALIBABA GRP-ADR,2019-06-01 00:00:00-04:00,2019,2,6,160.9258270263672,142.0743885449068,163.32855439884634,141.35736412847876,431880100,2319000000,373186992874.1455,373.1869928741455,,,,,,,,20.914549,18.350557,0.42298096,0.41475457,,,,-8.66705735162192,Consumer Cyclical,Internet Retail,Hong Kong,123711,2019-Q2
BABA,ALIBABA GRP-ADR,2019-07-01 00:00:00-04:00,2019,3,7,164.40170288085938,167.01811725658882,170.83114212168343,156.6996758113333,356259200,2319000000,381247548980.7129,381.2475489807129,,,,,,,,20.914549,18.350557,0.42298096,0.41475457,,,,-7.541521114606331,Consumer Cyclical,Internet Retail,Hong Kong,123711,2019-Q3
BABA,ALIBABA GRP-ADR,2019-08-01 00:00:00-04:00,2019,3,8,166.22511291503906,165.7597571531797,169.80546708432746,144.21119000597216,404522000,2319000000,385476036849.9756,385.47603684997557,,,,,,,,20.914549,18.350557,0.42298096,0.41475457,,,,0.01142989973637043,Consumer Cyclical,Internet Retail,Hong Kong,123711,2019-Q3
BABA,ALIBABA GRP-ADR,2019-09-01 00:00:00-04:00,2019,3,9,158.81748962402344,164.297233791243,174.8673437006599,154.94273231358707,246313700,2319000000,368297758438.11035,368.29775843811035,,,,,,,,20.914549,18.350557,0.42298096,0.41475457,,,,1.4991517896672413,Consumer Cyclical,Internet Retail,Hong Kong,123711,2019-Q3
BABA,ALIBABA GRP-ADR,2019-10-01 00:00:00-04:00,2019,4,10,167.78262329101562,159.55826065334216,170.60321875799787,153.54668922831922,260136100,2319000000,389087903411.86523,389.0879034118652,,,,,,,,20.914549,18.350557,0.42298096,0.41475457,,,,24.170655289797914,Consumer Cyclical,Internet Retail,Hong Kong,123711,2019-Q4
BABA,ALIBABA GRP-ADR,2019-11-01 00:00:00-04:00,2019,4,11,189.9390106201172,170.00490623870513,190.86970771462074,167.20330873029772,408551100,2319000000,440468565628.05176,440.46856562805175,,,,,,,,20.914549,18.350557,0.42298096,0.41475457,,,,24.331718572084938,Consumer Cyclical,Internet Retail,Hong Kong,123711,2019-Q4
BABA,ALIBABA GRP-ADR,2019-12-01 00:00:00-05:00,2019,4,12,201.43032836914062,188.59044707830813,207.13799047273275,180.29961324777463,300787300,2319000000,467116931488.0371,467.1169314880371,,,,,,,,20.914549,18.350557,0.42298096,0.41475457,,,,54.73844613785044,Consumer Cyclical,Internet Retail,Hong Kong,123711,2019-Q4
BABA,ALIBABA GRP-ADR,2020-01-01 00:00:00-05:00,2020,1,1,196.19749450683594,205.7039511156663,219.5125105979933,189.46416016240983,304096100,2319000000,454981989761.35254,454.98198976135257,,,,,,,,20.914549,18.350557,0.42298096,0.41475457,,,,22.612617810108727,Consumer Cyclical,Internet Retail,Hong Kong,123711,2020-Q1
BABA,ALIBABA GRP-ADR,2020-02-01 00:00:00-05:00,2020,1,2,197.53656005859375,198.172853969839,215.29585366562242,188.57239335625826,329489900,2319000000,458087282775.8789,458.0872827758789,,,,,,,,20.914549,18.350557,0.42298096,0.41475457,,,,13.642571137455771,Consumer Cyclical,Internet Retail,Hong Kong,123711,2020-Q1
BABA,ALIBABA GRP-ADR,2020-03-01 00:00:00-05:00,2020,1,3,184.69668579101562,198.0968832740111,204.32688036618944,161.40066781217402,440289600,2319000000,428311614349.36523,428.31161434936524,,,,,,,,20.914549,18.350557,0.42298096,0.41475457,,,,6.593589879974049,Consumer Cyclical,Internet Retail,Hong Kong,123711,2020-Q1
BABA,ALIBABA GRP-ADR,2020-04-01 00:00:00-04:00,2020,2,4,192.4746856689453,179.96720414365683,205.2290971708543,175.7315580288462,329699500,2319000000,446348796066.2842,446.3487960662842,,,,,,,,20.914549,18.350557,0.42298096,0.41475457,,,,9.214846648809406,Consumer Cyclical,Internet Retail,Hong Kong,123711,2020-Q2
BABA,ALIBABA GRP-ADR,2020-05-01 00:00:00-04:00,2020,2,5,196.95724487304688,185.90279568621915,210.03169427538253,179.99569164483776,504318700,2319000000,456743850860.5957,456.7438508605957,,,,,,,,20.914549,18.350557,0.42298096,0.41475457,,,,38.94547410155455,Consumer Cyclical,Internet Retail,Hong Kong,123711,2020-Q2
BABA,ALIBABA GRP-ADR,2020-06-01 00:00:00-04:00,2020,2,6,204.84921264648438,195.54219856447935,219.40803902289016,193.68080444279593,334431100,2319000000,475045324127.19727,475.04532412719726,,,,,,,,20.914549,18.350557,0.42298096,0.41475457,,,,27.294180450550343,Consumer Cyclical,Internet Retail,Hong Kong,123711,2020-Q2
BABA,ALIBABA GRP-ADR,2020-07-01 00:00:00-04:00,2020,3,7,238.39244079589844,204.95367377298015,254.51825769214193,203.93750766761605,426341000,2319000000,552832070205.6885,552.8320702056885,,,,,,,,20.914549,18.350557,0.42298096,0.41475457,,,,45.00606539864103,Consumer Cyclical,Internet Retail,Hong Kong,123711,2020-Q3
BABA,ALIBABA GRP-ADR,2020-08-01 00:00:00-04:00,2020,3,8,272.5909423828125,241.24151706511674,277.76679149207166,233.71993474367102,309690400,2319000000,632138395385.7422,632.1383953857422,,,,,,,,20.914549,18.350557,0.42298096,0.41475457,,,,63.989025245625264,Consumer Cyclical,Internet Retail,Hong Kong,123711,2020-Q3
BABA,ALIBABA GRP-ADR,2020-09-01 00:00:00-04:00,2020,3,9,279.1913757324219,274.6518343169572,283.9588346973577,251.25133315810726,235249900,2319000000,647444800323.4863,647.4448003234863,,,,,,,,20.914549,18.350557,0.42298096,0.41475457,,,,75.79384763816978,Consumer Cyclical,Internet Retail,Hong Kong,123711,2020-Q3
BABA,ALIBABA GRP-ADR,2020-10-01 00:00:00-04:00,2020,4,10,289.3625793457031,280.40696222006443,303.25662219190696,270.54912322815585,278181600,2319000000,671031821502.6855,671.0318215026856,,,,,,,,20.914549,18.350557,0.42298096,0.41475457,,,,72.46278170523624,Consumer Cyclical,Internet Retail,Hong Kong,123711,2020-Q4
BABA,ALIBABA GRP-ADR,2020-11-01 00:00:00-04:00,2020,4,11,250.1116485595703,295.30765681392336,295.7729980658756,239.84546294183224,585599100,2319000000,580008913009.6436,580.0089130096436,,,,,,,,20.914549,18.350557,0.42298096,0.41475457,,,,31.679978611555427,Consumer Cyclical,Internet Retail,Hong Kong,123711,2020-Q4
BABA,ALIBABA GRP-ADR,2020-12-01 00:00:00-05:00,2020,4,12,221.02252197265625,252.11554271059916,257.6522520257895,200.60407867076518,574979800,2319000000,512551228454.58984,512.5512284545898,,,,,,,,20.914549,18.350557,0.42298096,0.41475457,,,,9.726536099177196,Consumer Cyclical,Internet Retail,Hong Kong,123711,2020-Q4
BABA,ALIBABA GRP-ADR,2021-01-01 00:00:00-05:00,2021,1,1,241.0610809326172,215.10591512968168,255.46795218491997,209.01836676887527,493568500,2319000000,559020646682.7393,559.0206466827393,,,,,,,,20.914549,18.350557,0.42298096,0.41475457,,,,22.866544008908374,Consumer Cyclical,Internet Retail,Hong Kong,123711,2021-Q1
BABA,ALIBABA GRP-ADR,2021-02-01 00:00:00-05:00,2021,1,2,225.79946899414062,245.78104462255223,260.4918392949447,225.6950019686516,302405900,2319000000,523628968597.4121,523.6289685974122,,,,,,,,20.914549,18.350557,0.42298096,0.41475457,,,,14.307685082277155,Consumer Cyclical,Internet Retail,Hong Kong,123711,2021-Q1
BABA,ALIBABA GRP-ADR,2021-03-01 00:00:00-05:00,2021,1,3,215.3243408203125,228.9239800199481,230.57644002661087,209.33176775770494,375484500,2319000000,499337146362.3047,499.3371463623047,,,,,,,,20.914549,18.350557,0.42298096,0.41475457,,,,16.58267710550696,Consumer Cyclical,Internet Retail,Hong Kong,123711,2021-Q1
BABA,ALIBABA GRP-ADR,2021-04-01 00:00:00-04:00,2021,2,4,219.33204650878906,219.07562481393083,233.33055533358458,210.1864939649247,329060500,2319000000,508631015853.88184,508.6310158538818,,,,,,,,20.914549,18.350557,0.42298096,0.41475457,,,,13.95371071603575,Consumer Cyclical,Internet Retail,Hong Kong,123711,2021-Q2
BABA,ALIBABA GRP-ADR,2021-05-01 00:00:00-04:00,2021,2,5,203.19674682617188,219.63596481600408,224.28946447944932,194.10815879866993,362051200,2319000000,471213255889.8926,471.2132558898926,,,,,,,,20.914549,18.350557,0.42298096,0.41475457,,,,3.1679474177996436,Consumer Cyclical,Internet Retail,Hong Kong,123711,2021-Q2
BABA,ALIBABA GRP-ADR,2021-06-01 00:00:00-04:00,2021,2,6,215.371826171875,211.80097826777225,219.27507311509592,197.75118472052972,277271400,2319000000,499447264892.5781,499.4472648925781,,,,,,,,20.914549,18.350557,0.42298096,0.41475457,,,,5.136760541789287,Consumer Cyclical,Internet Retail,Hong Kong,123711,2021-Q2
BABA,ALIBABA GRP-ADR,2021-07-01 00:00:00-04:00,2021,3,7,185.3709716796875,216.5969483061772,217.33770925611694,170.63170103839215,452580500,2319000000,429875283325.1953,429.8752833251953,,,,,,,,20.914549,18.350557,0.42298096,0.41475457,,,,-22.24125435319725,Consumer Cyclical,Internet Retail,Hong Kong,123711,2021-Q3
BABA,ALIBABA GRP-ADR,2021-08-01 00:00:00-04:00,2021,3,8,158.58956909179688,186.39663680045155,193.04924024630185,145.1133950779797,659062400,2319000000,367769210723.87695,367.76921072387694,,,,,,,,20.914549,18.350557,0.42298096,0.41475457,,,,-41.821409139456314,Consumer Cyclical,Internet Retail,Hong Kong,123711,2021-Q3
BABA,ALIBABA GRP-ADR,2021-09-01 00:00:00-04:00,2021,3,9,140.60235595703125,161.03029139737453,169.2166581439592,137.1739562247847,483785600,2319000000,326056863464.35547,326.05686346435544,,,,,,,,20.914549,18.350557,0.42298096,0.41475457,,,,-49.639434388623414,Consumer Cyclical,Internet Retail,Hong Kong,123711,2021-Q3
BABA,ALIBABA GRP-ADR,2021-10-01 00:00:00-04:00,2021,4,10,156.6427001953125,139.69063815353593,172.92996412470873,131.46627573535298,472884900,2319000000,363254421752.9297,363.2544217529297,,,,,,,,20.914549,18.350557,0.42298096,0.41475457,,,,-45.86628977751454,Consumer Cyclical,Internet Retail,Hong Kong,123711,2021-Q4
BABA,ALIBABA GRP-ADR,2021-11-01 00:00:00-04:00,2021,4,11,121.1146011352539,157.4974139496054,163.24782465991532,119.78502669772088,434071600,2319000000,280864760032.6538,280.8647600326538,,,,,,,,20.914549,18.350557,0.42298096,0.41475457,,,,-51.57578552107802,Consumer Cyclical,Internet Retail,Hong Kong,123711,2021-Q4
BABA,ALIBABA GRP-ADR,2021-12-01 00:00:00-05:00,2021,4,12,112.81427001953125,121.91234262094633,122.93801496079952,103.23184369332132,586918900,2319000000,261616292175.29297,261.616292175293,,,,,,,,20.914549,18.350557,0.42298096,0.41475457,,,,-48.95802065208177,Consumer Cyclical,Internet Retail,Hong Kong,123711,2021-Q4
BABA,ALIBABA GRP-ADR,2022-01-01 00:00:00-05:00,2022,1,1,119.4621353149414,113.3745868669021,131.72269403781812,104.52342972742498,490914900,2319000000,277032691795.3491,277.03269179534914,,,,,,,,20.914549,18.350557,0.42298096,0.41475457,,,,-50.44320930912354,Consumer Cyclical,Internet Retail,Hong Kong,123711,2022-Q1
BABA,ALIBABA GRP-ADR,2022-02-01 00:00:00-05:00,2022,1,2,99.89842224121094,118.53143403982813,122.89053073728876,94.98849344336958,367386900,2319000000,231664441177.36816,231.66444117736816,,,,,,,,20.914549,18.350557,0.42298096,0.41475457,,,,-55.757902050777965,Consumer Cyclical,Internet Retail,Hong Kong,123711,2022-Q1
BABA,ALIBABA GRP-ADR,2022-03-01 00:00:00-05:00,2022,1,3,103.32682037353516,100.52521573617526,117.86759788587341,69.59364943435956,1155393100,2319000000,239614896446.22803,239.61489644622802,,,,,,,,20.914549,18.350557,0.42298096,0.41475457,,,,-52.01340453202127,Consumer Cyclical,Internet Retail,Hong Kong,123711,2022-Q1
BABA,ALIBABA GRP-ADR,2022-04-01 00:00:00-04:00,2022,2,4,92.20588684082031,111.70313186257496,112.96622074384794,77.68505623092295,540885100,2319000000,213825451583.8623,213.8254515838623,,,,,,,,20.914549,18.350557,0.42298096,0.41475457,,,,-57.9605952214897,Consumer Cyclical,Internet Retail,Hong Kong,123711,2022-Q2
BABA,ALIBABA GRP-ADR,2022-05-01 00:00:00-04:00,2022,2,5,91.21820831298828,91.56009909512763,97.52418257929499,74.08570951866412,482692200,2319000000,211535025077.81982,211.53502507781982,,,,,,,,20.914549,18.350557,0.42298096,0.41475457,,,,-55.10843075109738,Consumer Cyclical,Internet Retail,Hong Kong,123711,2022-Q2
BABA,ALIBABA GRP-ADR,2022-06-01 00:00:00-04:00,2022,2,6,107.96133422851562,91.07575729641499,115.2739832596212,87.25797911472847,721616600,2319000000,250362334075.92773,250.36233407592775,,,,,,,,20.914549,18.350557,0.42298096,0.41475457,,,,-49.872118304667055,Consumer Cyclical,Internet Retail,Hong Kong,123711,2022-Q2
BABA,ALIBABA GRP-ADR,2022-07-01 00:00:00-04:00,2022,3,7,84.87425231933594,107.91384985496033,119.50962596848437,84.62732956857172,504613300,2319000000,196823391128.54004,196.82339112854004,,,,,,,,20.914549,18.350557,0.42298096,0.41475457,,,,-54.213838579864195,Consumer Cyclical,Internet Retail,Hong Kong,123711,2022-Q3
BABA,ALIBABA GRP-ADR,2022-08-01 00:00:00-04:00,2022,3,8,90.61040496826172,84.70330080854544,99.57552099366195,82.34805398044324,509993200,2319000000,210125529121.39893,210.12552912139893,,,,,,,,20.914549,18.350557,0.42298096,0.41475457,,,,-42.86483941714134,Consumer Cyclical,Internet Retail,Hong Kong,123711,2022-Q3
BABA,ALIBABA GRP-ADR,2022-09-01 00:00:00-04:00,2022,3,9,75.96611022949219,88.08422192716088,90.06908123986936,72.4427422218776,341823600,2319000000,176165409622.19238,176.16540962219239,,,,,,,,20.914549,18.350557,0.42298096,0.41475457,,,,-45.97095495845902,Consumer Cyclical,Internet Retail,Hong Kong,123711,2022-Q3
BABA,ALIBABA GRP-ADR,2022-10-01 00:00:00-04:00,2022,4,10,60.38161087036133,75.74767652266307,81.94918381929942,55.0918062970277,534488600,2319000000,140024955608.36792,140.02495560836792,,,,,,,,20.914549,18.350557,0.42298096,0.41475457,,,,-61.4526493765279,Consumer Cyclical,Internet Retail,Hong Kong,123711,2022-Q4
BABA,ALIBABA GRP-ADR,2022-11-01 00:00:00-04:00,2022,4,11,83.1552963256836,64.58876243074494,85.11641892408805,60.21066766710773,646646800,2319000000,192837132179.26025,192.83713217926027,,,,,,,,20.914549,18.350557,0.42298096,0.41475457,,,,-31.341642092500077,Consumer Cyclical,Internet Retail,Hong Kong,123711,2022-Q4
BABA,ALIBABA GRP-ADR,2022-12-01 00:00:00-05:00,2022,4,12,83.65863037109375,80.10677304471089,90.20203568864424,80.02130397127077,436422600,2319000000,194004363830.5664,194.0043638305664,,,,,,,,20.914549,18.350557,0.42298096,0.41475457,,,,-25.843928825129893,Consumer Cyclical,Internet Retail,Hong Kong,123711,2022-Q4
BABA,ALIBABA GRP-ADR,2023-01-01 00:00:00-05:00,2023,1,1,104.65637969970703,86.52670673662473,115.19799935133196,86.18481597789109,439904600,2319000000,242698144523.6206,242.6981445236206,,,,,,,,20.914549,18.350557,0.42298096,0.41475457,,,,-12.393680705774713,Consumer Cyclical,Internet Retail,Hong Kong,123711,2023-Q1
BABA,ALIBABA GRP-ADR,2023-02-01 00:00:00-05:00,2023,1,2,83.37372589111328,106.23288451769115,108.21774361293582,82.8798804278232,405955300,2319000000,193343670341.4917,193.3436703414917,,,,,,,,20.914549,18.350557,0.42298096,0.41475457,,,,-16.54149883388324,Consumer Cyclical,Internet Retail,Hong Kong,123711,2023-Q1
BABA,ALIBABA GRP-ADR,2023-03-01 00:00:00-05:00,2023,1,3,97.03984069824219,88.24566248840253,99.76546810575876,75.48176591717933,661813700,2319000000,225035390579.22363,225.03539057922364,,,,,,,,20.914549,18.350557,0.42298096,0.41475457,,,,-6.084557380712008,Consumer Cyclical,Internet Retail,Hong Kong,123711,2023-Q1
BABA,ALIBABA GRP-ADR,2023-04-01 00:00:00-04:00,2023,2,4,80.42967224121094,95.81472841424866,98.04651022546862,78.07632378887907,440696100,2319000000,186516409927.36816,186.51640992736816,,,,,,,,20.914549,18.350557,0.42298096,0.41475457,,,,-12.771651575716902,Consumer Cyclical,Internet Retail,Hong Kong,123711,2023-Q2
BABA,ALIBABA GRP-ADR,2023-05-01 00:00:00-04:00,2023,2,5,75.54823303222656,79.91682817162182,86.83060596110604,73.85777000515188,468436700,2319000000,175196352401.7334,175.1963524017334,,,,,,,,20.914549,18.350557,0.42298096,0.41475457,,,,-17.178560695902767,Consumer Cyclical,Internet Retail,Hong Kong,123711,2023-Q2
BABA,ALIBABA GRP-ADR,2023-06-01 00:00:00-04:00,2023,2,6,79.1570816040039,75.35830137350007,89.54674785302333,75.35830137350007,334287800,2319000000,183565272239.68506,183.56527223968507,,,,,,,,20.914549,18.350557,0.42298096,0.41475457,,,,-26.680156215505257,Consumer Cyclical,Internet Retail,Hong Kong,123711,2023-Q2
BABA,ALIBABA GRP-ADR,2023-07-01 00:00:00-04:00,2023,3,7,97.02084350585938,80.60061628474665,97.34373632407181,78.48279327226724,422715900,2319000000,224991336090.0879,224.99133609008788,,,,,,,,20.914549,18.350557,0.42298096,0.41475457,,,,14.311279162521974,Consumer Cyclical,Internet Retail,Hong Kong,123711,2023-Q3
BABA,ALIBABA GRP-ADR,2023-08-01 00:00:00-04:00,2023,3,8,88.22666931152344,94.84604479806299,96.71693791185682,82.49051048845728,397527000,2319000000,204597646133.42285,204.59764613342284,,,,,,,,20.914549,18.350557,0.42298096,0.41475457,,,,-2.6307526796434,Consumer Cyclical,Internet Retail,Hong Kong,123711,2023-Q3
BABA,ALIBABA GRP-ADR,2023-09-01 00:00:00-04:00,2023,3,9,82.37654113769531,89.79366391263899,91.8165116263885,79.54645413417335,229575200,2319000000,191031198898.31543,191.03119889831544,,,,,,,,20.914549,18.350557,0.42298096,0.41475457,,,,8.438540408133743,Consumer Cyclical,Internet Retail,Hong Kong,123711,2023-Q3
BABA,ALIBABA GRP-ADR,2023-10-01 00:00:00-04:00,2023,4,10,78.38783264160156,82.38604805224443,84.32912192204876,75.04490190805606,256193600,2319000000,181781383895.87402,181.78138389587403,,,,,,,,20.914549,18.350557,0.42298096,0.41475457,,,,29.820704535192675,Consumer Cyclical,Internet Retail,Hong Kong,123711,2023-Q4
BABA,ALIBABA GRP-ADR,2023-11-01 00:00:00-04:00,2023,4,11,71.1131591796875,77.594831919191,83.41171380957734,70.28692916468464,416397200,2319000000,164911416137.6953,164.9114161376953,,,,,,,,20.914549,18.350557,0.42298096,0.41475457,,,,-14.481503497783487,Consumer Cyclical,Internet Retail,Hong Kong,123711,2023-Q4
BABA,ALIBABA GRP-ADR,2023-12-01 00:00:00-05:00,2023,4,12,73.6108627319336,69.44170219060479,73.8767761771649,66.55462847198292,414759700,2319000000,170703590675.354,170.703590675354,,,,,,,,20.914549,18.350557,0.42298096,0.41475457,,,,-12.010437649517058,Consumer Cyclical,Internet Retail,Hong Kong,123711,2023-Q4
BABA,ALIBABA GRP-ADR,2024-01-01 00:00:00-05:00,2024,1,1,69.4608383178711,73.19519329466752,73.81116801069619,64.12880121606212,497617300,2319000000,161079684059.14307,161.07968405914306,,,,,,,,20.914549,18.350557,0.42298096,0.41475457,,,,-33.629618646109606,Consumer Cyclical,Internet Retail,Hong Kong,123711,2024-Q1
BABA,ALIBABA GRP-ADR,2024-02-01 00:00:00-05:00,2024,1,2,71.25101470947266,70.40886100288333,75.39922090302774,67.37229652714655,401780900,2319000000,165231103111.2671,165.2311031112671,,,,,,,,20.914549,18.350557,0.42298096,0.41475457,,,,-14.540205624818759,Consumer Cyclical,Internet Retail,Hong Kong,123711,2024-Q1
BABA,ALIBABA GRP-ADR,2024-03-01 00:00:00-05:00,2024,1,3,69.64370727539062,71.68412808054,74.54263226155423,67.93341296168843,270348000,2319000000,161503757171.63086,161.50375717163087,,,,,,,,20.914549,18.350557,0.42298096,0.41475457,,,,-28.231840886923287,Consumer Cyclical,Internet Retail,Hong Kong,123711,2024-Q1
BABA,ALIBABA GRP-ADR,2024-04-01 00:00:00-04:00,2024,2,4,72.04023742675781,70.4906739185227,74.04215898737185,65.79386472754183,312586100,2319000000,167061310592.65137,167.06131059265138,243236000000.0,243236.0,97130000000.0,24390000000.0,35989000000.0,38038000000.0,0.17170701560691198,20.914549,18.350557,0.42298096,0.41475457,,,,-10.430770859407412,Consumer Cyclical,Internet Retail,Hong Kong,123711,2024-Q2
BABA,ALIBABA GRP-ADR,2024-05-01 00:00:00-04:00,2024,2,5,75.39923095703125,72.174986376185,87.06426706895402,72.0594956948284,487586300,2319000000,174850816589.35547,174.85081658935547,243236000000.0,243236.0,97130000000.0,24390000000.0,35989000000.0,38038000000.0,0.17971313517464055,20.914549,18.350557,0.42298096,0.41475457,,0.0,,-0.19722774340963367,Consumer Cyclical,Internet Retail,Hong Kong,123711,2024-Q2
BABA,ALIBABA GRP-ADR,2024-06-01 00:00:00-04:00,2024,2,6,69.29722595214844,76.03445625305176,77.04985339926498,69.10473659503623,237026300,2319000000,160700266983.03223,160.70026698303224,243236000000.0,243236.0,97130000000.0,24390000000.0,35989000000.0,38038000000.0,0.16516908165632577,20.914549,18.350557,0.42298096,0.41475457,,0.0,,-12.456062618858276,Consumer Cyclical,Internet Retail,Hong Kong,123711,2024-Q2
BABA,ALIBABA GRP-ADR,2024-07-01 00:00:00-04:00,2024,3,7,77.53943634033203,71.30481678480784,79.66353868268,70.77379119922084,257038400,2319000000,179813952873.22998,179.81395287323,236503000000.0,236503.0,92474000000.0,44033000000.0,35246000000.0,52546000000.0,0.19007576317555167,20.914549,18.350557,0.42298096,0.41475457,,-2.7680935387853767,,-20.079610176086337,Consumer Cyclical,Internet Retail,Hong Kong,123711,2024-Q3
BABA,ALIBABA GRP-ADR,2024-08-01 00:00:00-04:00,2024,3,8,81.9548110961914,77.46076888168882,84.36409440754346,72.64221726415906,336436500,2319000000,190053206932.06787,190.05320693206787,236503000000.0,236503.0,92474000000.0,44033000000.0,35246000000.0,52546000000.0,0.20089936166990258,20.914549,18.350557,0.42298096,0.41475457,,0.0,-2.7680935387853767,-7.108800847039176,Consumer Cyclical,Internet Retail,Hong Kong,123711,2024-Q3
BABA,ALIBABA GRP-ADR,2024-09-01 00:00:00-04:00,2024,3,9,104.35618591308594,80.42073629572273,110.35479652710069,78.9850038046861,422048900,2319000000,242001995132.4463,242.0019951324463,236503000000.0,236503.0,92474000000.0,44033000000.0,35246000000.0,52546000000.0,0.2558128175249852,20.914549,18.350557,0.42298096,0.41475457,,0.0,-2.7680935387853767,26.681922391777626,Consumer Cyclical,Internet Retail,Hong Kong,123711,2024-Q3
BABA,ALIBABA GRP-ADR,2024-10-01 00:00:00-04:00,2024,4,10,96.35148620605469,104.65120059518645,115.86172368292623,93.93236705074591,522385100,2319000000,223439096511.84082,223.43909651184083,280154000000.0,280154.0,117630000000.0,49127000000.0,47376000000.0,59001000000.0,0.19938952907315335,20.914549,18.350557,0.42298096,0.41475457,,18.45684832750536,15.177851962702892,22.916379952211564,Consumer Cyclical,Internet Retail,Hong Kong,123711,2024-Q4
BABA,ALIBABA GRP-ADR,2024-11-01 00:00:00-04:00,2024,4,11,85.91783142089844,96.58749275214991,99.41962175218586,81.2615309581638,317745000,2319000000,199243451065.06348,199.24345106506348,280154000000.0,280154.0,117630000000.0,49127000000.0,47376000000.0,59001000000.0,0.17779814946874173,20.914549,18.350557,0.42298096,0.41475457,,0.0,18.45684832750536,20.81847074716896,Consumer Cyclical,Internet Retail,Hong Kong,123711,2024-Q4
BABA,ALIBABA GRP-ADR,2024-12-01 00:00:00-05:00,2024,4,12,83.3807144165039,85.49498097256816,92.55564317910246,80.3420691097448,283559900,2319000000,193359876731.87256,193.35987673187256,280154000000.0,280154.0,117630000000.0,49127000000.0,47376000000.0,59001000000.0,0.1725478457668573,20.914549,18.350557,0.42298096,0.41475457,,0.0,18.45684832750536,13.272296128560379,Consumer Cyclical,Internet Retail,Hong Kong,123711,2024-Q4
BABA,ALIBABA GRP-ADR,2025-01-01 00:00:00-05:00,2025,1,1,97.19718170166016,82.98735743006301,101.94199011950622,78.72932434290269,402622400,2319000000,225400264366.1499,225.4002643661499,236454000000.0,236454.0,90828000000.0,12559000000.0,28465000000.0,21802000000.0,0.23831301687236195,20.914549,18.350557,0.42298096,0.41475457,,-15.598563647136931,-0.020718553253029626,39.93090791225447,Consumer Cyclical,Internet Retail,Hong Kong,123711,2025-Q1
BABA,ALIBABA GRP-ADR,2025-02-01 00:00:00-05:00,2025,1,2,130.30755615234375,94.9009951693327,142.88498295595278,94.4732276714655,829419100,2319000000,302183222717.28516,302.18322271728516,236454000000.0,236454.0,90828000000.0,12559000000.0,28465000000.0,21802000000.0,0.31949472489076647,20.914549,18.350557,0.42298096,0.41475457,,0.0,-15.598563647136931,82.88519354240111,Consumer Cyclical,Internet Retail,Hong Kong,123711,2025-Q1
BABA,ALIBABA GRP-ADR,2025-03-01 00:00:00-05:00,2025,1,3,130.03221130371094,131.78262486242267,145.96294936887585,124.00410025551854,475761200,2319000000,301544698013.30566,301.54469801330566,236454000000.0,236454.0,90828000000.0,12559000000.0,28465000000.0,21802000000.0,0.31881962032076605,20.914549,18.350557,0.42298096,0.41475457,,0.0,-15.598563647136931,86.71063961245966,Consumer Cyclical,Internet Retail,Hong Kong,123711,2025-Q1
BABA,ALIBABA GRP-ADR,2025-04-01 00:00:00-04:00,2025,2,4,117.44496154785156,130.54357033943364,131.87113807376852,94.13888080467102,605532000,2319000000,272354865829.46777,272.35486582946777,247652000000.0,247652.0,111223000000.0,40649000000.0,34988000000.0,53519000000.0,0.27493707483633056,20.914549,18.350557,0.42298096,0.41475457,,4.735804849991965,-11.60147633087516,63.026894056611106,Consumer Cyclical,Internet Retail,Hong Kong,123711,2025-Q2
BABA,ALIBABA GRP-ADR,2025-05-01 00:00:00-04:00,2025,2,5,111.94786834716797,118.19233136673918,132.27431167280878,109.74510135825385,301450200,2319000000,259607106697.08252,259.60710669708254,247652000000.0,247652.0,111223000000.0,40649000000.0,34988000000.0,53519000000.0,0.26206845361341974,20.914549,18.350557,0.42298096,0.41475457,,0.0,4.735804849991965,48.47348829189673,Consumer Cyclical,Internet Retail,Hong Kong,123711,2025-Q2
BABA,ALIBABA GRP-ADR,2025-06-01 00:00:00-04:00,2025,2,6,111.5250244140625,112.99025713399861,121.40797960891143,109.41075790386726,244549200,2319000000,258626531616.21094,258.6265316162109,247652000000.0,247652.0,111223000000.0,40649000000.0,34988000000.0,53519000000.0,0.26107858165511577,20.914549,18.350557,0.42298096,0.41475457,,0.0,4.735804849991965,60.9372134045791,Consumer Cyclical,Internet Retail,Hong Kong,123711,2025-Q2
BABA,ALIBABA GRP-ADR,2025-07-01 00:00:00-04:00,2025,3,7,120.62999725341797,112.94999694824219,123.98999786376953,103.70999908447266,328509600,2319000000,279740963630.6763,279.7409636306763,,,,,,,,20.914549,18.350557,0.42298096,0.41475457,,0.0,4.735804849991965,55.572445386312985,Consumer Cyclical,Internet Retail,Hong Kong,123711,2025-Q3
BABA,ALIBABA GRP-ADR,2025-08-01 00:00:00-04:00,2025,3,8,135.0,118.05999755859375,136.64999389648438,116.11000061035156,304400100,2319000000,313065000000.0,313.065,,,,,,,,20.914549,18.350557,0.42298096,0.41475457,,0.0,0.0,64.72492364304125,Consumer Cyclical,Internet Retail,Hong Kong,123711,2025-Q3
BABA,ALIBABA GRP-ADR,2025-09-01 00:00:00-04:00,2025,3,9,178.72999572753906,134.47000122070312,182.14999389648438,130.05999755859375,530161000,2319000000,414474860092.1631,414.4748600921631,,,,,,,,20.914549,18.350557,0.42298096,0.41475457,,0.0,0.0,71.26919134089098,Consumer Cyclical,Internet Retail,Hong Kong,123711,2025-Q3
BABA,ALIBABA GRP-ADR,2025-10-01 00:00:00-04:00,2025,4,10,181.1199951171875,179.97999572753906,192.6699981689453,177.3000030517578,111680985,2319000000,420017268676.7578,420.0172686767578,,,,,,,,20.914549,18.350557,0.42298096,0.41475457,,0.0,0.0,87.97841346198767,Consumer Cyclical,Internet Retail,Hong Kong,123711,2025-Q4
