ticker,company_name,date,year,quarter,month,close_price,open_price,high_price,low_price,volume,shares_outstanding,market_cap,market_cap_billions,revenue,revenue_millions,gross_profit,net_income,operating_income,ebitda,ps_ratio,current_pe,forward_pe,current_ps,current_pb,peg_ratio,revenue_qoq_pct,revenue_yoy_pct,market_cap_yoy_pct,sector,industry,country,employees,year_quarter
BAH,BOOZ ALLEN HAMIL,2015-01-01 00:00:00-05:00,2015,1,1,24.117427825927734,22.013055188565524,25.931826064028524,21.39168553929751,13076200,121301203,2925473008.550709,2.925473008550709,,,,,,,,13.932927,13.075823,0.9471151,11.198236,,,,,Industrials,Consulting Services,United States,32500,2015-Q1
BAH,BOOZ ALLEN HAMIL,2015-02-01 00:00:00-05:00,2015,1,2,24.65594482421875,24.41568116436582,25.484437587477885,23.297217198145624,25204800,121301203,2990795768.279358,2.990795768279358,,,,,,,,13.932927,13.075823,0.9471151,11.198236,,,,,Industrials,Consulting Services,United States,32500,2015-Q1
BAH,BOOZ ALLEN HAMIL,2015-03-01 00:00:00-05:00,2015,1,3,24.08391761779785,24.76632275713172,25.315575751585754,23.05198770132971,15145800,121301203,2921408179.9917736,2.9214081799917735,,,,,,,,13.932927,13.075823,0.9471151,11.198236,,,,,Industrials,Consulting Services,United States,32500,2015-Q1
BAH,BOOZ ALLEN HAMIL,2015-04-01 00:00:00-04:00,2015,2,4,22.885547637939453,24.03398533008638,24.358545085042188,22.81897156284831,11457700,121301203,2776044459.795864,2.7760444597958642,,,,,,,,13.932927,13.075823,0.9471151,11.198236,,,,,Industrials,Consulting Services,United States,32500,2015-Q2
BAH,BOOZ ALLEN HAMIL,2015-05-01 00:00:00-04:00,2015,2,5,21.0963134765625,22.993732342456735,23.875867289992286,19.86465533777172,21057500,121301203,2559008203.5721436,2.5590082035721435,,,,,,,,13.932927,13.075823,0.9471151,11.198236,,,,,Industrials,Consulting Services,United States,32500,2015-Q2
BAH,BOOZ ALLEN HAMIL,2015-06-01 00:00:00-04:00,2015,2,6,21.004770278930664,21.121278006562296,22.169852317143224,20.405585638869592,21688200,121301203,2547903903.572935,2.547903903572935,,,,,,,,13.932927,13.075823,0.9471151,11.198236,,,,,Industrials,Consulting Services,United States,32500,2015-Q2
BAH,BOOZ ALLEN HAMIL,2015-07-01 00:00:00-04:00,2015,3,7,23.19571876525879,21.338723432344853,23.513583823030373,20.99576485638509,16321000,121301203,2813668590.6755657,2.8136685906755656,,,,,,,,13.932927,13.075823,0.9471151,11.198236,,,,,Industrials,Consulting Services,United States,32500,2015-Q3
BAH,BOOZ ALLEN HAMIL,2015-08-01 00:00:00-04:00,2015,3,8,22.334138870239258,23.153893373746897,23.271000704114357,21.020856742618587,17761500,121301203,2709157912.929083,2.709157912929083,,,,,,,,13.932927,13.075823,0.9471151,11.198236,,,,,Industrials,Consulting Services,United States,32500,2015-Q3
BAH,BOOZ ALLEN HAMIL,2015-09-01 00:00:00-04:00,2015,3,9,22.0299015045166,21.92063523945005,23.610070898093593,21.634859957700073,27032200,121301203,2672253554.4693737,2.6722535544693735,,,,,,,,13.932927,13.075823,0.9471151,11.198236,,,,,Industrials,Consulting Services,United States,32500,2015-Q3
BAH,BOOZ ALLEN HAMIL,2015-10-01 00:00:00-04:00,2015,4,10,24.76156997680664,22.046707038053434,25.694542096347707,21.433131501398076,19865300,121301203,3003608226.3553276,3.0036082263553276,,,,,,,,13.932927,13.075823,0.9471151,11.198236,,,,,Industrials,Consulting Services,United States,32500,2015-Q4
BAH,BOOZ ALLEN HAMIL,2015-11-01 00:00:00-04:00,2015,4,11,25.593685150146484,24.677523573135968,25.887864149333552,23.67731016643401,27347000,121301203,3104544797.916004,3.104544797916004,,,,,,,,13.932927,13.075823,0.9471151,11.198236,,,,,Industrials,Consulting Services,United States,32500,2015-Q4
BAH,BOOZ ALLEN HAMIL,2015-12-01 00:00:00-05:00,2015,4,12,26.047626495361328,25.76899717121532,26.461348727551798,24.39273595616496,19700200,121301203,3159608429.182003,3.1596084291820032,,,,,,,,13.932927,13.075823,0.9471151,11.198236,,,,,Industrials,Consulting Services,United States,32500,2015-Q4
BAH,BOOZ ALLEN HAMIL,2016-01-01 00:00:00-05:00,2016,1,1,23.886138916015625,25.659233778262372,26.199607033538996,23.06713633006298,26962300,121301203,2897417385.5378113,2.8974173855378114,,,,,,,,13.932927,13.075823,0.9471151,11.198236,,,,-0.9590115147497635,Industrials,Consulting Services,United States,32500,2016-Q1
BAH,BOOZ ALLEN HAMIL,2016-02-01 00:00:00-05:00,2016,1,2,23.30354881286621,23.75104345972848,23.886137976057345,21.133617200198668,18008100,121301203,2826748505.1698933,2.8267485051698933,,,,,,,,13.932927,13.075823,0.9471151,11.198236,,,,-5.485070724299012,Industrials,Consulting Services,United States,32500,2016-Q1
BAH,BOOZ ALLEN HAMIL,2016-03-01 00:00:00-05:00,2016,1,3,25.708499908447266,23.611405300905975,25.750950547557075,23.212363787354317,12664100,121301203,3118471966.220043,3.118471966220043,,,,,,,,13.932927,13.075823,0.9471151,11.198236,,,,6.7455067586216,Industrials,Consulting Services,United States,32500,2016-Q1
BAH,BOOZ ALLEN HAMIL,2016-04-01 00:00:00-04:00,2016,2,4,23.40764045715332,25.555676260014312,26.014149338381433,23.18689356038835,14705400,121301203,2839374946.8441677,2.839374946844168,,,,,,,,13.932927,13.075823,0.9471151,11.198236,,,,2.2813210654760496,Industrials,Consulting Services,United States,32500,2016-Q2
BAH,BOOZ ALLEN HAMIL,2016-05-01 00:00:00-04:00,2016,2,5,24.850982666015625,23.51801257406,25.216063976681284,22.94067483806668,32796000,121301203,3014454093.1198425,3.0144540931198427,,,,,,,,13.932927,13.075823,0.9471151,11.198236,,,,17.79775027340427,Industrials,Consulting Services,United States,32500,2016-Q2
BAH,BOOZ ALLEN HAMIL,2016-06-01 00:00:00-04:00,2016,2,6,25.165128707885742,24.757596639436304,25.199090523284106,23.3227423266252,19404300,121301203,3052560385.916376,3.052560385916376,,,,,,,,13.932927,13.075823,0.9471151,11.198236,,,,19.806731393431253,Industrials,Consulting Services,United States,32500,2016-Q2
BAH,BOOZ ALLEN HAMIL,2016-07-01 00:00:00-04:00,2016,3,7,26.35245704650879,25.294262694366815,26.88155503642894,24.77370035446448,18325600,121301203,3196584741.747343,3.196584741747343,,,,,,,,13.932927,13.075823,0.9471151,11.198236,,,,13.609141898969646,Industrials,Consulting Services,United States,32500,2016-Q3
BAH,BOOZ ALLEN HAMIL,2016-08-01 00:00:00-04:00,2016,3,8,25.908695220947266,26.35245291815377,26.42072345831616,25.251590254572964,16000200,121301203,3142755898.461254,3.142755898461254,,,,,,,,13.932927,13.075823,0.9471151,11.198236,,,,16.004898919434886,Industrials,Consulting Services,United States,32500,2016-Q3
BAH,BOOZ ALLEN HAMIL,2016-09-01 00:00:00-04:00,2016,3,9,27.109949111938477,26.02074800098257,27.392969705607335,25.377519230297406,13121700,121301203,3288469440.546919,3.288469440546919,,,,,,,,13.932927,13.075823,0.9471151,11.198236,,,,23.059783569074767,Industrials,Consulting Services,United States,32500,2016-Q3
BAH,BOOZ ALLEN HAMIL,2016-10-01 00:00:00-04:00,2016,4,10,26.13223648071289,27.10136860414235,27.238590591135264,25.343209237596078,21893000,121301203,3169871722.19096,3.16987172219096,,,,,,,,13.932927,13.075823,0.9471151,11.198236,,,,5.535458798412662,Industrials,Consulting Services,United States,32500,2016-Q4
BAH,BOOZ ALLEN HAMIL,2016-11-01 00:00:00-04:00,2016,4,11,32.427303314208984,26.08935555313321,33.05337884225837,25.643383271858934,28991400,121301203,3933470902.059437,3.9334709020594367,,,,,,,,13.932927,13.075823,0.9471151,11.198236,,,,26.700407244883962,Industrials,Consulting Services,United States,32500,2016-Q4
BAH,BOOZ ALLEN HAMIL,2016-12-01 00:00:00-05:00,2016,4,12,31.08043098449707,31.657751488746126,32.933022462373664,30.64959606285224,38684100,121301203,3770093668.177969,3.770093668177969,,,,,,,,13.932927,13.075823,0.9471151,11.198236,,,,19.32154735876608,Industrials,Consulting Services,United States,32500,2016-Q4
BAH,BOOZ ALLEN HAMIL,2017-01-01 00:00:00-05:00,2017,1,1,29.141672134399414,31.183828623313648,31.511264064994933,28.219685718910274,27875600,121301203,3534919887.3342266,3.5349198873342265,,,,,,,,13.932927,13.075823,0.9471151,11.198236,,,,22.002439309519218,Industrials,Consulting Services,United States,32500,2017-Q1
BAH,BOOZ ALLEN HAMIL,2017-02-01 00:00:00-05:00,2017,1,2,30.821916580200195,29.365696394947957,31.666352245643036,28.779760906761805,27292400,121301203,3738735559.9439297,3.7387355599439296,,,,,,,,13.932927,13.075823,0.9471151,11.198236,,,,32.26275889440062,Industrials,Consulting Services,United States,32500,2017-Q1
BAH,BOOZ ALLEN HAMIL,2017-03-01 00:00:00-05:00,2017,1,3,30.64471435546875,31.224878801934658,32.636317092204955,30.48884947750488,25406000,121301203,3717240716.909729,3.717240716909729,,,,,,,,13.932927,13.075823,0.9471151,11.198236,,,,19.20070974424901,Industrials,Consulting Services,United States,32500,2017-Q1
BAH,BOOZ ALLEN HAMIL,2017-04-01 00:00:00-04:00,2017,2,4,31.11231231689453,30.705331391661115,31.735771895430467,29.718189261113956,18374900,121301203,3773960912.151024,3.773960912151024,,,,,,,,13.932927,13.075823,0.9471151,11.198236,,,,32.9152008031065,Industrials,Consulting Services,United States,32500,2017-Q2
BAH,BOOZ ALLEN HAMIL,2017-05-01 00:00:00-04:00,2017,2,5,34.15167236328125,30.454216437766824,34.203628431063514,30.35896860163601,22906700,121301203,4142638942.1278687,4.142638942127869,,,,,,,,13.932927,13.075823,0.9471151,11.198236,,,,37.42584276147986,Industrials,Consulting Services,United States,32500,2017-Q2
BAH,BOOZ ALLEN HAMIL,2017-06-01 00:00:00-04:00,2017,2,6,28.176862716674805,34.246922790204486,34.350831620405266,26.895307815256963,39639200,121301203,3417887344.298502,3.417887344298502,,,,,,,,13.932927,13.075823,0.9471151,11.198236,,,,11.967886370655867,Industrials,Consulting Services,United States,32500,2017-Q2
BAH,BOOZ ALLEN HAMIL,2017-07-01 00:00:00-04:00,2017,3,7,29.83338737487793,28.476535698359363,29.963855413592434,28.14601910010533,19177100,121301203,3618825778.137705,3.6188257781377047,,,,,,,,13.932927,13.075823,0.9471151,11.198236,,,,13.20913007172626,Industrials,Consulting Services,United States,32500,2017-Q3
BAH,BOOZ ALLEN HAMIL,2017-08-01 00:00:00-04:00,2017,3,8,29.668128967285156,30.042133783516544,30.398742641093,27.45019400787923,25797800,121301203,3598779734.490837,3.598779734490837,,,,,,,,13.932927,13.075823,0.9471151,11.198236,,,,14.510316765386078,Industrials,Consulting Services,United States,32500,2017-Q3
BAH,BOOZ ALLEN HAMIL,2017-09-01 00:00:00-04:00,2017,3,9,32.69306945800781,29.886310304707038,33.06905314545254,29.86007997062793,19061700,121301203,3965708655.0189056,3.9657086550189056,,,,,,,,13.932927,13.075823,0.9471151,11.198236,,,,20.594359373440074,Industrials,Consulting Services,United States,32500,2017-Q3
BAH,BOOZ ALLEN HAMIL,2017-10-01 00:00:00-04:00,2017,4,10,33.04281997680664,32.71055465316208,33.873481618170594,32.61437232246274,20895500,121301203,4008133813.6990776,4.008133813699078,,,,,,,,13.932927,13.075823,0.9471151,11.198236,,,,26.444669216100824,Industrials,Consulting Services,United States,32500,2017-Q4
BAH,BOOZ ALLEN HAMIL,2017-11-01 00:00:00-04:00,2017,4,11,33.82975769042969,33.13900009296691,33.89970968462548,31.22410594554045,18386300,121301203,4103590305.0476227,4.103590305047622,,,,,,,,13.932927,13.075823,0.9471151,11.198236,,,,4.324918303046732,Industrials,Consulting Services,United States,32500,2017-Q4
BAH,BOOZ ALLEN HAMIL,2017-12-01 00:00:00-05:00,2017,4,12,33.49573516845703,34.075519576557255,34.59381195281839,33.240980550229736,12452600,121301203,4063072971.3032455,4.063072971303246,,,,,,,,13.932927,13.075823,0.9471151,11.198236,,,,7.771141221190647,Industrials,Consulting Services,United States,32500,2017-Q4
BAH,BOOZ ALLEN HAMIL,2018-01-01 00:00:00-05:00,2018,1,1,34.41811752319336,33.59236502309865,35.358070942269165,33.3024711559307,15710300,121301203,4174959060.558735,4.174959060558735,,,,,,,,13.932927,13.075823,0.9471151,11.198236,,,,18.106186098242194,Industrials,Consulting Services,United States,32500,2018-Q1
BAH,BOOZ ALLEN HAMIL,2018-02-01 00:00:00-05:00,2018,1,2,33.320045471191406,34.27756865483552,34.962767562943604,30.930629082413862,23124200,121301203,4041761599.6702194,4.041761599670219,,,,,,,,13.932927,13.075823,0.9471151,11.198236,,,,8.105040724806823,Industrials,Consulting Services,United States,32500,2018-Q1
BAH,BOOZ ALLEN HAMIL,2018-03-01 00:00:00-05:00,2018,1,3,34.18775939941406,33.48139806186149,35.1236824457644,32.9692897971344,16030500,121301203,4147016343.0234833,4.147016343023483,,,,,,,,13.932927,13.075823,0.9471151,11.198236,,,,11.561684024354534,Industrials,Consulting Services,United States,32500,2018-Q1
BAH,BOOZ ALLEN HAMIL,2018-04-01 00:00:00-04:00,2018,2,4,34.99124526977539,34.12595626088237,36.315667840808125,33.234176510205764,12458100,121301203,4244480145.6918144,4.244480145691814,,,,,,,,13.932927,13.075823,0.9471151,11.198236,,,,12.46751740395242,Industrials,Consulting Services,United States,32500,2018-Q2
BAH,BOOZ ALLEN HAMIL,2018-05-01 00:00:00-04:00,2018,2,5,39.81214141845703,34.89411935590051,40.04170650850832,33.95819288807151,17104400,121301203,4829260648.064964,4.829260648064964,,,,,,,,13.932927,13.075823,0.9471151,11.198236,,,,16.574500349393517,Industrials,Consulting Services,United States,32500,2018-Q2
BAH,BOOZ ALLEN HAMIL,2018-06-01 00:00:00-04:00,2018,2,6,38.611324310302734,39.909259239716334,40.492004915909774,37.88730705709816,23596000,121301203,4683600088.262867,4.683600088262867,,,,,,,,13.932927,13.075823,0.9471151,11.198236,,,,37.03202055725286,Industrials,Consulting Services,United States,32500,2018-Q2
BAH,BOOZ ALLEN HAMIL,2018-07-01 00:00:00-04:00,2018,3,7,41.913658142089844,38.508782912504195,42.3037988622988,38.46444927786856,25700200,121301203,5084177154.766243,5.084177154766243,,,,,,,,13.932927,13.075823,0.9471151,11.198236,,,,40.492454361332285,Industrials,Consulting Services,United States,32500,2018-Q3
BAH,BOOZ ALLEN HAMIL,2018-08-01 00:00:00-04:00,2018,3,8,45.36286926269531,41.86932659006687,45.62000909178768,41.47918246801234,20377500,121301203,5502570613.096664,5.5025706130966645,,,,,,,,13.932927,13.075823,0.9471151,11.198236,,,,52.90101142784109,Industrials,Consulting Services,United States,32500,2018-Q3
BAH,BOOZ ALLEN HAMIL,2018-09-01 00:00:00-04:00,2018,3,9,44.177085876464844,45.503375664231626,46.7851630941576,43.82993624605034,18523700,121301203,5358733661.849495,5.358733661849495,,,,,,,,13.932927,13.075823,0.9471151,11.198236,,,,35.126761141860754,Industrials,Consulting Services,United States,32500,2018-Q3
BAH,BOOZ ALLEN HAMIL,2018-10-01 00:00:00-04:00,2018,4,10,44.09697341918945,44.35511153843082,44.85358140116309,41.3642787797521,24570200,121301203,5349015924.406704,5.349015924406704,,,,,,,,13.932927,13.075823,0.9471151,11.198236,,,,33.45402556483352,Industrials,Consulting Services,United States,32500,2018-Q4
BAH,BOOZ ALLEN HAMIL,2018-11-01 00:00:00-04:00,2018,4,11,45.67250442504883,44.24829648000317,47.07000620033645,42.031877937660774,26786400,121301203,5540129730.781246,5.5401297307812465,,,,,,,,13.932927,13.075823,0.9471151,11.198236,,,,35.00689198837925,Industrials,Consulting Services,United States,32500,2018-Q4
BAH,BOOZ ALLEN HAMIL,2018-12-01 00:00:00-05:00,2018,4,12,40.266685485839844,46.404517483873505,46.627873850406075,38.63171865505823,23488700,121301203,4884397390.2550125,4.884397390255012,,,,,,,,13.932927,13.075823,0.9471151,11.198236,,,,20.214365450796336,Industrials,Consulting Services,United States,32500,2018-Q4
BAH,BOOZ ALLEN HAMIL,2019-01-01 00:00:00-05:00,2019,1,1,43.89400100708008,39.596622612347794,44.0280128031828,39.015894604791356,22478800,121301203,5324395126.642025,5.324395126642025,,,,,,,,13.932927,13.075823,0.9471151,11.198236,,,,27.531672752006852,Industrials,Consulting Services,United States,32500,2019-Q1
BAH,BOOZ ALLEN HAMIL,2019-02-01 00:00:00-05:00,2019,1,2,47.22646713256836,46.64573926000704,48.906107836831815,45.609365933577976,21686300,121301203,5728627276.620502,5.728627276620503,,,,,,,,13.932927,13.075823,0.9471151,11.198236,,,,41.73590241165932,Industrials,Consulting Services,United States,32500,2019-Q1
BAH,BOOZ ALLEN HAMIL,2019-03-01 00:00:00-05:00,2019,1,3,52.166481018066406,47.805814828709075,52.41771168814916,46.82780531947971,25897400,121301203,6327856903.76812,6.32785690376812,,,,,,,,13.932927,13.075823,0.9471151,11.198236,,,,52.588183415613,Industrials,Consulting Services,United States,32500,2019-Q1
BAH,BOOZ ALLEN HAMIL,2019-04-01 00:00:00-04:00,2019,2,4,53.19832992553711,52.44463445303174,53.2073009830411,50.802653686131656,17430300,121301203,6453021417.558552,6.453021417558552,,,,,,,,13.932927,13.075823,0.9471151,11.198236,,,,52.03325722016692,Industrials,Consulting Services,United States,32500,2019-Q2
BAH,BOOZ ALLEN HAMIL,2019-05-01 00:00:00-04:00,2019,2,5,56.679683685302734,53.162440330814036,57.253930641632834,52.60614233551459,21658600,121301203,6875313816.686695,6.875313816686695,,,,,,,,13.932927,13.075823,0.9471151,11.198236,,,,42.367834700360675,Industrials,Consulting Services,United States,32500,2019-Q2
BAH,BOOZ ALLEN HAMIL,2019-06-01 00:00:00-04:00,2019,2,6,59.407325744628906,57.04754465866418,60.11615888729987,56.32973703821944,19537900,121301203,7206180079.836357,7.206180079836357,,,,,,,,13.932927,13.075823,0.9471151,11.198236,,,,53.85985020145279,Industrials,Consulting Services,United States,32500,2019-Q2
BAH,BOOZ ALLEN HAMIL,2019-07-01 00:00:00-04:00,2019,3,7,61.90412521362305,60.13929570462258,64.75846650202081,59.69809004479426,20243600,121301203,7509044859.075108,7.509044859075107,,,,,,,,13.932927,13.075823,0.9471151,11.198236,,,,47.69439833613261,Industrials,Consulting Services,United States,32500,2019-Q3
BAH,BOOZ ALLEN HAMIL,2019-08-01 00:00:00-04:00,2019,3,8,67.99102020263672,62.05722229243699,68.37820280903634,60.103303802562465,20313000,121301203,8247392543.777138,8.247392543777138,,,,,,,,13.932927,13.075823,0.9471151,11.198236,,,,49.882538974557164,Industrials,Consulting Services,United States,32500,2019-Q3
BAH,BOOZ ALLEN HAMIL,2019-09-01 00:00:00-04:00,2019,3,9,64.15037536621094,67.79959512770212,70.46425170236434,61.29603938710349,24124400,121301203,7781517704.822952,7.781517704822952,,,,,,,,13.932927,13.075823,0.9471151,11.198236,,,,45.21187645920932,Industrials,Consulting Services,United States,32500,2019-Q3
BAH,BOOZ ALLEN HAMIL,2019-10-01 00:00:00-04:00,2019,4,10,63.563262939453125,64.43943112600229,65.6136876639557,60.84441186987823,20998100,121301203,7710300261.16098,7.71030026116098,,,,,,,,13.932927,13.075823,0.9471151,11.198236,,,,44.14427569714485,Industrials,Consulting Services,United States,32500,2019-Q4
BAH,BOOZ ALLEN HAMIL,2019-11-01 00:00:00-04:00,2019,4,11,65.72209930419922,65.36982363264191,67.70929575356973,63.95168629315137,30769600,121301203,7972169709.284828,7.972169709284828,,,,,,,,13.932927,13.075823,0.9471151,11.198236,,,,43.898610622618506,Industrials,Consulting Services,United States,32500,2019-Q4
BAH,BOOZ ALLEN HAMIL,2019-12-01 00:00:00-05:00,2019,4,12,64.49051666259766,65.86863932034387,66.72996079350176,62.24201094116177,23536200,121301203,7822777253.264641,7.822777253264641,,,,,,,,13.932927,13.075823,0.9471151,11.198236,,,,60.15849301844411,Industrials,Consulting Services,United States,32500,2019-Q4
BAH,BOOZ ALLEN HAMIL,2020-01-01 00:00:00-05:00,2020,1,1,70.75550079345703,65.03449833284634,74.34586105840349,64.48143710573977,21756900,121301203,8582727365.113792,8.582727365113792,,,,,,,,13.932927,13.075823,0.9471151,11.198236,,,,61.196289174104244,Industrials,Consulting Services,United States,32500,2020-Q1
BAH,BOOZ ALLEN HAMIL,2020-02-01 00:00:00-05:00,2020,1,2,64.6446533203125,71.28138294616122,72.26963585454048,62.922003464893194,26508200,121301203,7841474215.271851,7.841474215271851,,,,,,,,13.932927,13.075823,0.9471151,11.198236,,,,36.88225532274083,Industrials,Consulting Services,United States,32500,2020-Q1
BAH,BOOZ ALLEN HAMIL,2020-03-01 00:00:00-05:00,2020,1,3,62.48758316040039,65.07302875567471,70.33494830112848,49.49664714302718,46941100,121301203,7579819009.919109,7.57981900991911,,,,,,,,13.932927,13.075823,0.9471151,11.198236,,,,19.784930746545015,Industrials,Consulting Services,United States,32500,2020-Q1
BAH,BOOZ ALLEN HAMIL,2020-04-01 00:00:00-04:00,2020,2,4,66.85734558105469,61.058306081835035,72.33775111730718,60.56670713543927,19380000,121301203,8109876448.368668,8.109876448368668,,,,,,,,13.932927,13.075823,0.9471151,11.198236,,,,25.675647477348274,Industrials,Consulting Services,United States,32500,2020-Q2
BAH,BOOZ ALLEN HAMIL,2020-05-01 00:00:00-04:00,2020,2,5,72.61084747314453,66.07441451109686,72.6472629733746,62.214454833267524,21777700,121301203,8807783149.341942,8.807783149341942,,,,,,,,13.932927,13.075823,0.9471151,11.198236,,,,28.10736184819749,Industrials,Consulting Services,United States,32500,2020-Q2
BAH,BOOZ ALLEN HAMIL,2020-06-01 00:00:00-04:00,2020,2,6,70.81743621826172,72.35595837656528,74.85036153470872,67.42176490170796,22951100,121301203,8590240206.650917,8.590240206650916,,,,,,,,13.932927,13.075823,0.9471151,11.198236,,,,19.206571463392997,Industrials,Consulting Services,United States,32500,2020-Q2
BAH,BOOZ ALLEN HAMIL,2020-07-01 00:00:00-04:00,2020,3,7,74.73191833496094,71.34996588008937,74.8324633008954,64.08335008781862,23018800,121301203,9065071596.528519,9.065071596528519,,,,,,,,13.932927,13.075823,0.9471151,11.198236,,,,20.722032783874834,Industrials,Consulting Services,United States,32500,2020-Q3
BAH,BOOZ ALLEN HAMIL,2020-08-01 00:00:00-04:00,2020,3,8,80.4903793334961,74.95129784616451,81.61465186956087,73.90015020116824,17038400,121301203,9763579843.079414,9.763579843079414,,,,,,,,13.932927,13.075823,0.9471151,11.198236,,,,18.383838179816927,Industrials,Consulting Services,United States,32500,2020-Q3
BAH,BOOZ ALLEN HAMIL,2020-09-01 00:00:00-04:00,2020,3,9,76.12235260009766,80.91095439152721,82.05765163062983,75.23251442273249,15977400,121301203,9233732945.582024,9.233732945582023,,,,,,,,13.932927,13.075823,0.9471151,11.198236,,,,18.662365053272257,Industrials,Consulting Services,United States,32500,2020-Q3
BAH,BOOZ ALLEN HAMIL,2020-10-01 00:00:00-04:00,2020,4,10,72.01258850097656,76.42507735292196,76.86541218377478,68.17803255307108,18006900,121301203,8735213616.312424,8.735213616312423,,,,,,,,13.932927,13.075823,0.9471151,11.198236,,,,13.292781350088646,Industrials,Consulting Services,United States,32500,2020-Q4
BAH,BOOZ ALLEN HAMIL,2020-11-01 00:00:00-04:00,2020,4,11,79.61749267578125,72.73730845214531,82.43378113803415,72.4712738222985,14841700,121301203,9657697641.415955,9.657697641415954,,,,,,,,13.932927,13.075823,0.9471151,11.198236,,,,21.142649913336232,Industrials,Consulting Services,United States,32500,2020-Q4
BAH,BOOZ ALLEN HAMIL,2020-12-01 00:00:00-05:00,2020,4,12,80.26282501220703,80.17996228392846,83.97306917015422,79.0659688858785,16759700,121301203,9735977230.159203,9.735977230159202,,,,,,,,13.932927,13.075823,0.9471151,11.198236,,,,24.45678708410284,Industrials,Consulting Services,United States,32500,2020-Q4
BAH,BOOZ ALLEN HAMIL,2021-01-01 00:00:00-05:00,2021,1,1,78.41230773925781,80.44695763993532,92.3050171475905,78.15452505849161,19712800,121301203,9511507258.778183,9.511507258778183,,,,,,,,13.932927,13.075823,0.9471151,11.198236,,,,10.821500604104028,Industrials,Consulting Services,United States,32500,2021-Q1
BAH,BOOZ ALLEN HAMIL,2021-02-01 00:00:00-05:00,2021,1,2,71.01942443847656,78.63325576050187,79.05675680379923,69.18732041933036,29819300,121301203,8614741620.754807,8.614741620754806,,,,,,,,13.932927,13.075823,0.9471151,11.198236,,,,9.861250375305207,Industrials,Consulting Services,United States,32500,2021-Q1
BAH,BOOZ ALLEN HAMIL,2021-03-01 00:00:00-05:00,2021,1,3,74.47029876708984,71.45560440788854,75.73721190997104,69.96675975220464,24511100,121301203,9033336828.217415,9.033336828217415,,,,,,,,13.932927,13.075823,0.9471151,11.198236,,,,19.176154686493206,Industrials,Consulting Services,United States,32500,2021-Q1
BAH,BOOZ ALLEN HAMIL,2021-04-01 00:00:00-04:00,2021,2,4,76.70819854736328,74.93267586897272,79.00158729842605,74.57202304540277,16509200,121301203,9304796763.758018,9.304796763758018,,,,,,,,13.932927,13.075823,0.9471151,11.198236,,,,14.734137110432965,Industrials,Consulting Services,United States,32500,2021-Q2
BAH,BOOZ ALLEN HAMIL,2021-05-01 00:00:00-04:00,2021,2,5,78.53919982910156,77.0226068781964,79.74138043776249,74.49803042212802,18759600,121301203,9526899421.927414,9.526899421927414,,,,,,,,13.932927,13.075823,0.9471151,11.198236,,,,8.164554694323956,Industrials,Consulting Services,United States,32500,2021-Q2
BAH,BOOZ ALLEN HAMIL,2021-06-01 00:00:00-04:00,2021,2,6,78.7703857421875,78.72414531413939,82.22895669016368,77.87337505832471,15927300,121301203,9554942551.301392,9.55494255130139,,,,,,,,13.932927,13.075823,0.9471151,11.198236,,,,11.230213840860493,Industrials,Consulting Services,United States,32500,2021-Q2
BAH,BOOZ ALLEN HAMIL,2021-07-01 00:00:00-04:00,2021,3,7,79.68755340576172,79.26966321970276,84.18222868370674,79.01892344003055,12819800,121301203,9666196092.245644,9.666196092245643,,,,,,,,13.932927,13.075823,0.9471151,11.198236,,,,6.631216194115064,Industrials,Consulting Services,United States,32500,2021-Q3
BAH,BOOZ ALLEN HAMIL,2021-08-01 00:00:00-04:00,2021,3,8,76.0658187866211,79.87328706905978,80.98766561048954,73.87420151476937,17191800,121301203,9226875325.997139,9.226875325997138,,,,,,,,13.932927,13.075823,0.9471151,11.198236,,,,-5.497005460171456,Industrials,Consulting Services,United States,32500,2021-Q3
BAH,BOOZ ALLEN HAMIL,2021-09-01 00:00:00-04:00,2021,3,9,74.02436828613281,76.72040336212346,78.27832556292354,72.56907104576206,16007700,121301203,8979244924.422958,8.979244924422959,,,,,,,,13.932927,13.075823,0.9471151,11.198236,,,,-2.7560686740548124,Industrials,Consulting Services,United States,32500,2021-Q3
BAH,BOOZ ALLEN HAMIL,2021-10-01 00:00:00-04:00,2021,4,10,81.0302963256836,74.35084416868511,81.17023033450081,73.18473929077386,19533300,121301203,9829072423.7519,9.8290724237519,,,,,,,,13.932927,13.075823,0.9471151,11.198236,,,,12.522404780081953,Industrials,Consulting Services,United States,32500,2021-Q4
BAH,BOOZ ALLEN HAMIL,2021-11-01 00:00:00-04:00,2021,4,11,78.30630493164062,80.87173657684852,84.50997939799713,78.21301081430502,16244800,121301203,9498648990.69284,9.49864899069284,,,,,,,,13.932927,13.075823,0.9471151,11.198236,,,,-1.6468588749460555,Industrials,Consulting Services,United States,32500,2021-Q4
BAH,BOOZ ALLEN HAMIL,2021-12-01 00:00:00-05:00,2021,4,12,79.4303970336914,79.57091691371937,82.59674354758336,74.79328387559646,13725000,121301203,9635002714.9544,9.6350027149544,,,,,,,,13.932927,13.075823,0.9471151,11.198236,,,,-1.0371276844404864,Industrials,Consulting Services,United States,32500,2021-Q4
BAH,BOOZ ALLEN HAMIL,2022-01-01 00:00:00-05:00,2022,1,1,71.87986755371094,79.52406680314768,85.24785170358814,68.68541165814838,21200400,121301203,8719114405.745804,8.719114405745804,,,,,,,,13.932927,13.075823,0.9471151,11.198236,,,,-8.330886277788185,Industrials,Consulting Services,United States,32500,2022-Q1
BAH,BOOZ ALLEN HAMIL,2022-02-01 00:00:00-05:00,2022,1,2,75.58956146240234,72.07660016723017,75.76754664130387,65.27550509857818,25198200,121301203,9169104739.631844,9.169104739631843,,,,,,,,13.932927,13.075823,0.9471151,11.198236,,,,6.435052184751022,Industrials,Consulting Services,United States,32500,2022-Q1
BAH,BOOZ ALLEN HAMIL,2022-03-01 00:00:00-05:00,2022,1,3,82.75862884521484,76.28604915742963,84.85963098358177,76.15414845149263,27478800,121301203,10038721237.555061,10.03872123755506,,,,,,,,13.932927,13.075823,0.9471151,11.198236,,,,11.12971240258782,Industrials,Consulting Services,United States,32500,2022-Q1
BAH,BOOZ ALLEN HAMIL,2022-04-01 00:00:00-04:00,2022,2,4,76.90785217285156,82.71151096214419,86.16920649257082,76.57810046619814,17321700,121301203,9329014988.713058,9.329014988713059,,,,,,,,13.932927,13.075823,0.9471151,11.198236,,,,0.26027677519373515,Industrials,Consulting Services,United States,32500,2022-Q2
BAH,BOOZ ALLEN HAMIL,2022-05-01 00:00:00-04:00,2022,2,5,80.8931655883789,76.75711917520314,82.76804592346035,72.16883667118898,24208400,121301203,9812438300.348564,9.812438300348564,,,,,,,,13.932927,13.075823,0.9471151,11.198236,,,,2.997185818546,Industrials,Consulting Services,United States,32500,2022-Q2
BAH,BOOZ ALLEN HAMIL,2022-06-01 00:00:00-04:00,2022,2,6,85.13285827636719,81.10044872524149,85.42492310641941,75.23083839694807,21789900,121301203,10326718123.751846,10.326718123751846,,,,,,,,13.932927,13.075823,0.9471151,11.198236,,,,8.077239274927273,Industrials,Consulting Services,United States,32500,2022-Q2
BAH,BOOZ ALLEN HAMIL,2022-07-01 00:00:00-04:00,2022,3,7,90.89696502685547,85.57459395746547,91.8440056795717,84.59914324122325,21561100,121301203,11025911206.806496,11.025911206806496,,,,,,,,13.932927,13.075823,0.9471151,11.198236,,,,14.066703195185903,Industrials,Consulting Services,United States,32500,2022-Q3
BAH,BOOZ ALLEN HAMIL,2022-08-01 00:00:00-04:00,2022,3,8,90.63179016113281,91.14319299523493,94.06008002292234,89.05970638994218,16387100,121301203,10993745176.588974,10.993745176588973,,,,,,,,13.932927,13.075823,0.9471151,11.198236,,,,19.149167927018574,Industrials,Consulting Services,United States,32500,2022-Q3
BAH,BOOZ ALLEN HAMIL,2022-09-01 00:00:00-04:00,2022,3,9,87.85787963867188,90.959307684575,93.56602567594281,86.85895843711928,16628600,121301203,10657266493.200104,10.657266493200103,,,,,,,,13.932927,13.075823,0.9471151,11.198236,,,,18.68778035236611,Industrials,Consulting Services,United States,32500,2022-Q3
BAH,BOOZ ALLEN HAMIL,2022-10-01 00:00:00-04:00,2022,4,10,103.55529022216797,88.55238161336706,104.71594784506493,88.29551095477385,21145600,121301203,12561381280.963112,12.561381280963111,,,,,,,,13.932927,13.075823,0.9471151,11.198236,,,,27.79823710128133,Industrials,Consulting Services,United States,32500,2022-Q4
BAH,BOOZ ALLEN HAMIL,2022-11-01 00:00:00-04:00,2022,4,11,101.22444152832031,103.69796962740949,107.07529172500942,97.45706662202477,26037900,121301203,12278646530.388412,12.278646530388412,,,,,,,,13.932927,13.075823,0.9471151,11.198236,,,,29.26729414277258,Industrials,Consulting Services,United States,32500,2022-Q4
BAH,BOOZ ALLEN HAMIL,2022-12-01 00:00:00-05:00,2022,4,12,99.84992218017578,102.21911611578255,104.47366916646335,97.9966085824838,15171800,121301203,12111915679.911705,12.111915679911705,,,,,,,,13.932927,13.075823,0.9471151,11.198236,,,,25.707444390367563,Industrials,Consulting Services,United States,32500,2022-Q4
BAH,BOOZ ALLEN HAMIL,2023-01-01 00:00:00-05:00,2023,1,1,90.41139221191406,99.58245342149891,100.62375495187001,87.41169104756972,30680500,121301203,10967010640.210007,10.967010640210006,,,,,,,,13.932927,13.075823,0.9471151,11.198236,,,,25.78124485879969,Industrials,Consulting Services,United States,32500,2023-Q1
BAH,BOOZ ALLEN HAMIL,2023-02-01 00:00:00-05:00,2023,1,2,90.49736022949219,90.41137774072568,93.61169451405551,89.59935815473224,18035500,121301203,10977438664.161758,10.977438664161758,,,,,,,,13.932927,13.075823,0.9471151,11.198236,,,,19.722033675912876,Industrials,Consulting Services,United States,32500,2023-Q1
BAH,BOOZ ALLEN HAMIL,2023-03-01 00:00:00-05:00,2023,1,3,88.98247528076172,90.64327254051884,93.09127747678306,84.47046718783496,23278500,121301203,10793681297.47416,10.793681297474158,,,,,,,,13.932927,13.075823,0.9471151,11.198236,,,,7.5204803685032795,Industrials,Consulting Services,United States,32500,2023-Q1
BAH,BOOZ ALLEN HAMIL,2023-04-01 00:00:00-04:00,2023,2,4,91.89128875732422,89.33768280775007,95.53928783985421,89.13608349450354,16563300,121301203,11146523871.483803,11.146523871483803,,,,,,,,13.932927,13.075823,0.9471151,11.198236,,,,19.482323535439726,Industrials,Consulting Services,United States,32500,2023-Q2
BAH,BOOZ ALLEN HAMIL,2023-05-01 00:00:00-04:00,2023,2,5,96.55690002441406,92.06409515908781,97.36329732946498,86.2080906642367,21586700,121301203,11712468130.912155,11.712468130912155,,,,,,,,13.932927,13.075823,0.9471151,11.198236,,,,19.363483085504818,Industrials,Consulting Services,United States,32500,2023-Q2
BAH,BOOZ ALLEN HAMIL,2023-06-01 00:00:00-04:00,2023,2,6,107.13609313964844,96.19208201090352,107.51049288431753,95.79848547193933,19382600,121301203,12995736982.559402,12.995736982559402,,,,,,,,13.932927,13.075823,0.9471151,11.198236,,,,25.845760742405766,Industrials,Consulting Services,United States,32500,2023-Q2
BAH,BOOZ ALLEN HAMIL,2023-07-01 00:00:00-04:00,2023,3,7,116.75323486328125,106.81165542034049,117.25464954182381,106.27166925010084,15483600,121301203,14162307843.057556,14.162307843057556,,,,,,,,13.932927,13.075823,0.9471151,11.198236,,,,28.44569104016461,Industrials,Consulting Services,United States,32500,2023-Q3
BAH,BOOZ ALLEN HAMIL,2023-08-01 00:00:00-04:00,2023,3,8,109.26087951660156,117.62106378410887,120.71635396832764,107.57341553924883,18139700,121301203,13253476126.201828,13.253476126201829,,,,,,,,13.932927,13.075823,0.9471151,11.198236,,,,20.554696450713816,Industrials,Consulting Services,United States,32500,2023-Q3
BAH,BOOZ ALLEN HAMIL,2023-09-01 00:00:00-04:00,2023,3,9,105.7772445678711,110.22053172016211,111.78875201841636,103.48300497020465,13369900,121301203,12830907016.107979,12.830907016107979,,,,,,,,13.932927,13.075823,0.9471151,11.198236,,,,20.395854080357022,Industrials,Consulting Services,United States,32500,2023-Q3
BAH,BOOZ ALLEN HAMIL,2023-10-01 00:00:00-04:00,2023,4,10,116.09650421142578,106.6388001046042,126.17375048156397,106.31934659946512,25890100,121301203,14082645624.940514,14.082645624940513,,,,,,,,13.932927,13.075823,0.9471151,11.198236,,,,12.110645397595654,Industrials,Consulting Services,United States,32500,2023-Q4
BAH,BOOZ ALLEN HAMIL,2023-11-01 00:00:00-04:00,2023,4,11,121.13029479980469,116.80318177052939,125.76718631842344,116.4546883555437,14529100,121301203,14693250478.960953,14.693250478960953,,,,,,,,13.932927,13.075823,0.9471151,11.198236,,,,19.665066036363534,Industrials,Consulting Services,United States,32500,2023-Q4
BAH,BOOZ ALLEN HAMIL,2023-12-01 00:00:00-05:00,2023,4,12,124.28014373779297,121.88023678796273,127.5545043473517,119.97585901476153,11986300,121301203,15075330944.407204,15.075330944407204,,,,,,,,13.932927,13.075823,0.9471151,11.198236,,,,24.466941009261568,Industrials,Consulting Services,United States,32500,2023-Q4
BAH,BOOZ ALLEN HAMIL,2024-01-01 00:00:00-05:00,2024,1,1,136.77520751953125,123.58058144732415,143.3336547933547,119.67465758636415,15987400,121301203,16590997212.693787,16.590997212693786,,,,,,,,13.932927,13.075823,0.9471151,11.198236,,,,51.28094388696687,Industrials,Consulting Services,United States,32500,2024-Q1
BAH,BOOZ ALLEN HAMIL,2024-02-01 00:00:00-05:00,2024,1,2,143.5182647705078,136.9889649897607,145.47121928074725,135.4149275684453,12703800,121301203,17408938169.135117,17.408938169135116,,,,,,,,13.932927,13.075823,0.9471151,11.198236,,,,58.58834379981908,Industrials,Consulting Services,United States,32500,2024-Q1
BAH,BOOZ ALLEN HAMIL,2024-03-01 00:00:00-05:00,2024,1,3,144.7379608154297,143.65564323119503,146.83433461780552,140.21368138403014,10268100,121301203,17556888766.678482,17.556888766678483,,,,,,,,13.932927,13.075823,0.9471151,11.198236,,,,62.658950943706195,Industrials,Consulting Services,United States,32500,2024-Q1
BAH,BOOZ ALLEN HAMIL,2024-04-01 00:00:00-04:00,2024,2,4,143.98715209960938,144.60144484701794,145.7617689795722,135.4553745111098,11926500,121301203,17465814766.226593,17.465814766226593,2942000000.0,2942.0,1570000000.0,165000000.0,255000000.0,293000000.0,1.4841786850974332,13.932927,13.075823,0.9471151,11.198236,,,,56.69292927196305,Industrials,Consulting Services,United States,32500,2024-Q2
BAH,BOOZ ALLEN HAMIL,2024-05-01 00:00:00-04:00,2024,2,5,148.41392517089844,144.39666687859062,160.32914757510133,142.13453486618602,18339100,121301203,18002787665.18196,18.002787665181962,2942000000.0,2942.0,1570000000.0,165000000.0,255000000.0,293000000.0,1.52980860513103,13.932927,13.075823,0.9471151,11.198236,,0.0,,53.706182710269815,Industrials,Consulting Services,United States,32500,2024-Q2
BAH,BOOZ ALLEN HAMIL,2024-06-01 00:00:00-04:00,2024,2,6,150.06178283691406,148.28718072568125,154.35205733025282,144.8744694796856,12981900,121301203,18202674782.44243,18.20267478244243,2942000000.0,2942.0,1570000000.0,165000000.0,255000000.0,293000000.0,1.5467942541164539,13.932927,13.075823,0.9471151,11.198236,,0.0,,40.06650647724608,Industrials,Consulting Services,United States,32500,2024-Q2
BAH,BOOZ ALLEN HAMIL,2024-07-01 00:00:00-04:00,2024,3,7,140.20657348632812,151.25209326639555,157.14171748250914,131.7438979887037,16148300,121301203,17007226032.399506,17.007226032399505,3146386000.0,3146.386,1784104000.0,390112000.0,548609000.0,603914000.0,1.3513302271558152,13.932927,13.075823,0.9471151,11.198236,,6.947178789938824,,20.087956150003784,Industrials,Consulting Services,United States,32500,2024-Q3
BAH,BOOZ ALLEN HAMIL,2024-08-01 00:00:00-04:00,2024,3,8,155.34156799316406,140.2065745118974,155.54702694562675,135.7159759875713,14416400,121301203,18843119073.477097,18.843119073477098,3146386000.0,3146.386,1784104000.0,390112000.0,548609000.0,603914000.0,1.4972033845717831,13.932927,13.075823,0.9471151,11.198236,,0.0,6.947178789938824,42.174919953450306,Industrials,Consulting Services,United States,32500,2024-Q3
BAH,BOOZ ALLEN HAMIL,2024-09-01 00:00:00-04:00,2024,3,9,159.7925567626953,155.8458601275735,159.8612877144438,146.3423379504257,11853200,121301203,19383029365.760727,19.383029365760727,3146386000.0,3146.386,1784104000.0,390112000.0,548609000.0,603914000.0,1.5401026261368382,13.932927,13.075823,0.9471151,11.198236,,0.0,6.947178789938824,51.06515339427824,Industrials,Consulting Services,United States,32500,2024-Q3
BAH,BOOZ ALLEN HAMIL,2024-10-01 00:00:00-04:00,2024,4,10,178.34799194335938,159.8514850219303,185.68180065562206,155.36479773243278,22007600,121301203,21633825975.3638,21.6338259753638,2917190000.0,2917.19,1611578000.0,186950000.0,291259000.0,334641000.0,1.8539952810207596,13.932927,13.075823,0.9471151,11.198236,,-7.2844209197472924,-0.8433038749150246,53.62046700266367,Industrials,Consulting Services,United States,32500,2024-Q4
BAH,BOOZ ALLEN HAMIL,2024-11-01 00:00:00-04:00,2024,4,11,145.47836303710938,179.49663041656183,187.11514407448539,134.50220489409875,44463600,121301203,17646700446.8721,17.6467004468721,2917190000.0,2917.19,1611578000.0,186950000.0,291259000.0,334641000.0,1.5123029736554785,13.932927,13.075823,0.9471151,11.198236,,0.0,-7.2844209197472924,20.10072565046208,Industrials,Consulting Services,United States,32500,2024-Q4
BAH,BOOZ ALLEN HAMIL,2024-12-01 00:00:00-05:00,2024,4,12,126.77182006835938,144.86661187300675,147.75270754591597,125.2056449756165,32967700,121301203,15377574280.791534,15.377574280791535,2917190000.0,2917.19,1611578000.0,186950000.0,291259000.0,334641000.0,1.3178413371079305,13.932927,13.075823,0.9471151,11.198236,,0.0,-7.2844209197472924,2.004886907616843,Industrials,Consulting Services,United States,32500,2024-Q4
BAH,BOOZ ALLEN HAMIL,2025-01-01 00:00:00-05:00,2025,1,1,127.06733703613281,127.65835391814177,144.74840922233315,119.20688915935023,40508000,121301203,15413420844.489365,15.413420844489364,2974627000.0,2974.627,1594755000.0,192705000.0,274968000.0,331746000.0,1.2954078649599903,13.932927,13.075823,0.9471151,11.198236,,1.968915291770501,-5.45892970538262,-7.09768287649073,Industrials,Consulting Services,United States,32500,2025-Q1
BAH,BOOZ ALLEN HAMIL,2025-02-01 00:00:00-05:00,2025,1,2,104.47101593017578,127.40223579921991,132.2583827851167,102.49113498564517,48868600,121301203,12672459910.962486,12.672459910962486,2974627000.0,2974.627,1594755000.0,192705000.0,274968000.0,331746000.0,1.065046131074794,13.932927,13.075823,0.9471151,11.198236,,0.0,1.968915291770501,-27.207163424648662,Industrials,Consulting Services,United States,32500,2025-Q1
BAH,BOOZ ALLEN HAMIL,2025-03-01 00:00:00-05:00,2025,1,3,103.4960708618164,105.37637961221778,118.10308377684102,100.0026591443981,60864300,121301203,12554197901.311577,12.554197901311577,2974627000.0,2974.627,1594755000.0,192705000.0,274968000.0,331746000.0,1.0551069009082128,13.932927,13.075823,0.9471151,11.198236,,0.0,1.968915291770501,-28.494176456033582,Industrials,Consulting Services,United States,32500,2025-Q1
BAH,BOOZ ALLEN HAMIL,2025-04-01 00:00:00-04:00,2025,2,4,118.77603912353516,103.4070023447395,119.53806262086204,100.21048418415351,59035800,121301203,14407676433.25988,14.40767643325988,2924000000.0,2924.0,1501000000.0,271000000.0,257000000.0,300000000.0,1.2318464802718776,13.932927,13.075823,0.9471151,11.198236,,-1.7019612879194623,0.2334438277931783,-17.50927954921515,Industrials,Consulting Services,United States,32500,2025-Q2
BAH,BOOZ ALLEN HAMIL,2025-05-01 00:00:00-04:00,2025,2,5,105.14876556396484,118.39998350960037,129.5531791533639,102.92208582261028,43569300,121301203,12754671756.873909,12.75467175687391,2924000000.0,2924.0,1501000000.0,271000000.0,257000000.0,300000000.0,1.0905157110870305,13.932927,13.075823,0.9471151,11.198236,,0.0,-1.7019612879194623,-29.151684760789,Industrials,Consulting Services,United States,32500,2025-Q2
BAH,BOOZ ALLEN HAMIL,2025-06-01 00:00:00-04:00,2025,2,6,103.05073547363281,104.62425974671974,104.95084125344033,97.924423601148,42655100,121301203,12500178182.986435,12.500178182986435,2924000000.0,2924.0,1501000000.0,271000000.0,257000000.0,300000000.0,1.0687566845918635,13.932927,13.075823,0.9471151,11.198236,,0.0,-1.7019612879194623,-31.32779477528431,Industrials,Consulting Services,United States,32500,2025-Q2
BAH,BOOZ ALLEN HAMIL,2025-07-01 00:00:00-04:00,2025,3,7,106.80118560791016,103.59704937234635,119.45851522804334,102.96020326746708,46192700,121301203,12955112296.065788,12.955112296065789,,,,,,,,13.932927,13.075823,0.9471151,11.198236,,0.0,-1.7019612879194623,-23.82583572779161,Industrials,Consulting Services,United States,32500,2025-Q3
BAH,BOOZ ALLEN HAMIL,2025-08-01 00:00:00-04:00,2025,3,8,108.18434143066406,106.78128480918309,113.91596423006345,105.94542710500232,30549300,121301203,13122890761.302292,13.122890761302292,,,,,,,,13.932927,13.075823,0.9471151,11.198236,,0.0,0.0,-30.357120229773393,Industrials,Consulting Services,United States,32500,2025-Q3
BAH,BOOZ ALLEN HAMIL,2025-09-01 00:00:00-04:00,2025,3,9,99.94999694824219,108.06999969482422,110.55000305175781,96.95999908447266,39262000,121301203,12124054869.668106,12.124054869668106,,,,,,,,13.932927,13.075823,0.9471151,11.198236,,0.0,0.0,-37.450154767423925,Industrials,Consulting Services,United States,32500,2025-Q3
BAH,BOOZ ALLEN HAMIL,2025-10-01 00:00:00-04:00,2025,4,10,91.4000015258789,99.75,105.76000213623047,88.11000061035156,44553263,121301203,11086930139.290947,11.086930139290947,,,,,,,,13.932927,13.075823,0.9471151,11.198236,,0.0,0.0,-48.751875179561225,Industrials,Consulting Services,United States,32500,2025-Q4
