ticker,company_name,date,year,quarter,month,close_price,open_price,high_price,low_price,volume,shares_outstanding,market_cap,market_cap_billions,revenue,revenue_millions,gross_profit,net_income,operating_income,ebitda,ps_ratio,current_pe,forward_pe,current_ps,current_pb,peg_ratio,revenue_qoq_pct,revenue_yoy_pct,market_cap_yoy_pct,sector,industry,country,employees,year_quarter
BBAI,"BigBear.ai Holdings, Inc.",2021-04-01 00:00:00-04:00,2021,2,4,9.710000038146973,10.0,10.0,9.5600004196167,1443200,436518932,4238598846.371876,4.238598846371875,,,,,,,,,-35.25,20.17199,9.764544,,,,,Technology,Information Technology Services,United States,630,2021-Q2
BBAI,"BigBear.ai Holdings, Inc.",2021-05-01 00:00:00-04:00,2021,2,5,9.680000305175781,9.729999542236328,9.729999542236328,9.609999656677246,900000,436518932,4225503394.975006,4.225503394975006,,,,,,,,,-35.25,20.17199,9.764544,,,,,Technology,Information Technology Services,United States,630,2021-Q2
BBAI,"BigBear.ai Holdings, Inc.",2021-06-01 00:00:00-04:00,2021,2,6,9.850000381469727,9.710000038146973,9.892000198364258,9.65999984741211,11521500,436518932,4299711646.718758,4.299711646718758,,,,,,,,,-35.25,20.17199,9.764544,,,,,Technology,Information Technology Services,United States,630,2021-Q2
BBAI,"BigBear.ai Holdings, Inc.",2021-07-01 00:00:00-04:00,2021,3,7,9.779999732971191,9.850000381469727,9.85200023651123,9.760000228881836,2223900,436518932,4269155038.3968697,4.269155038396869,,,,,,,,,-35.25,20.17199,9.764544,,,,,Technology,Information Technology Services,United States,630,2021-Q3
BBAI,"BigBear.ai Holdings, Inc.",2021-08-01 00:00:00-04:00,2021,3,8,9.880000114440918,9.770000457763672,9.880000114440918,9.729999542236328,2467800,436518932,4312807098.115627,4.312807098115627,,,,,,,,,-35.25,20.17199,9.764544,,,,,Technology,Information Technology Services,United States,630,2021-Q3
BBAI,"BigBear.ai Holdings, Inc.",2021-09-01 00:00:00-04:00,2021,3,9,9.859999656677246,9.829999923706055,9.90999984741211,9.819999694824219,2744500,436518932,4304076519.653118,4.304076519653118,,,,,,,,,-35.25,20.17199,9.764544,,,,,Technology,Information Technology Services,United States,630,2021-Q3
BBAI,"BigBear.ai Holdings, Inc.",2021-10-01 00:00:00-04:00,2021,4,10,9.970000267028809,9.890000343322754,9.970000267028809,9.829999923706055,3911900,436518932,4352093868.60313,4.352093868603131,,,,,,,,,-35.25,20.17199,9.764544,,,,,Technology,Information Technology Services,United States,630,2021-Q4
BBAI,"BigBear.ai Holdings, Inc.",2021-11-01 00:00:00-04:00,2021,4,11,10.0,9.970000267028809,10.010000228881836,9.930000305175781,20105800,436518932,4365189320.0,4.36518932,,,,,,,,,-35.25,20.17199,9.764544,,,,,Technology,Information Technology Services,United States,630,2021-Q4
BBAI,"BigBear.ai Holdings, Inc.",2021-12-01 00:00:00-05:00,2021,4,12,5.659999847412109,10.010000228881836,10.210000038146973,5.519999980926514,7564100,436518932,2470697088.512497,2.470697088512497,,,,,,,,,-35.25,20.17199,9.764544,,,,,Technology,Information Technology Services,United States,630,2021-Q4
BBAI,"BigBear.ai Holdings, Inc.",2022-01-01 00:00:00-05:00,2022,1,1,5.110000133514404,5.659999847412109,6.091000080108643,4.449999809265137,1908700,436518932,2230611800.801565,2.230611800801565,,,,,,,,,-35.25,20.17199,9.764544,,,,,Technology,Information Technology Services,United States,630,2022-Q1
BBAI,"BigBear.ai Holdings, Inc.",2022-02-01 00:00:00-05:00,2022,1,2,5.78000020980835,5.150000095367432,6.639999866485596,4.53000020980835,2591500,436518932,2523079518.5453167,2.5230795185453165,,,,,,,,,-35.25,20.17199,9.764544,,,,,Technology,Information Technology Services,United States,630,2022-Q1
BBAI,"BigBear.ai Holdings, Inc.",2022-03-01 00:00:00-05:00,2022,1,3,8.239999771118164,5.78000020980835,10.5,5.690000057220459,12081400,436518932,3596915899.7687454,3.5969158997687454,,,,,,,,,-35.25,20.17199,9.764544,,,,,Technology,Information Technology Services,United States,630,2022-Q1
BBAI,"BigBear.ai Holdings, Inc.",2022-04-01 00:00:00-04:00,2022,2,4,10.010000228881836,8.819999694824219,16.1200008392334,8.039999961853027,38037500,436518932,4369554609.231255,4.369554609231255,,,,,,,,,-35.25,20.17199,9.764544,,,,3.08960030439005,Technology,Information Technology Services,United States,630,2022-Q2
BBAI,"BigBear.ai Holdings, Inc.",2022-05-01 00:00:00-04:00,2022,2,5,5.329999923706055,9.8100004196167,11.609999656677246,5.079999923706055,7148900,436518932,2326645874.2562485,2.3266458742562484,,,,,,,,,-35.25,20.17199,9.764544,,,,-44.93801905299355,Technology,Information Technology Services,United States,630,2022-Q2
BBAI,"BigBear.ai Holdings, Inc.",2022-06-01 00:00:00-04:00,2022,2,6,3.680000066757202,5.28000020980835,5.690000057220459,3.569999933242798,4550800,436518932,1606389698.9007826,1.6063896989007826,,,,,,,,,-35.25,20.17199,9.764544,,,,-62.639594677781055,Technology,Information Technology Services,United States,630,2022-Q2
BBAI,"BigBear.ai Holdings, Inc.",2022-07-01 00:00:00-04:00,2022,3,7,2.5399999618530273,3.6700000762939453,3.8399999141693115,2.440000057220459,3004100,436518932,1108758070.6281242,1.1087580706281241,,,,,,,,,-35.25,20.17199,9.764544,,,,-74.0286295377907,Technology,Information Technology Services,United States,630,2022-Q3
BBAI,"BigBear.ai Holdings, Inc.",2022-08-01 00:00:00-04:00,2022,3,8,1.5399999618530273,2.5899999141693115,4.340000152587891,1.3700000047683716,22075800,436518932,672239138.6281242,0.6722391386281242,,,,,,,,,-35.25,20.17199,9.764544,,,,-84.41295603223612,Technology,Information Technology Services,United States,630,2022-Q3
BBAI,"BigBear.ai Holdings, Inc.",2022-09-01 00:00:00-04:00,2022,3,9,1.5700000524520874,1.5199999809265137,1.7999999523162842,1.190000057220459,58937500,436518932,685334746.1363292,0.6853347461363292,,,,,,,,,-35.25,20.17199,9.764544,,,,-84.07707802110444,Technology,Information Technology Services,United States,630,2022-Q3
BBAI,"BigBear.ai Holdings, Inc.",2022-10-01 00:00:00-04:00,2022,4,10,1.350000023841858,1.590000033378601,2.0799999237060547,1.1100000143051147,12076100,436518932,589300568.6074224,0.5893005686074223,,,,,,,,,-35.25,20.17199,9.764544,,,,-86.45937825792882,Technology,Information Technology Services,United States,630,2022-Q4
BBAI,"BigBear.ai Holdings, Inc.",2022-11-01 00:00:00-04:00,2022,4,11,0.9700000286102295,1.3899999856948853,1.3899999856948853,0.9100000262260437,2017400,436518932,423423376.5289068,0.4234233765289068,,,,,,,,,-35.25,20.17199,9.764544,,,,-90.2999997138977,Technology,Information Technology Services,United States,630,2022-Q4
BBAI,"BigBear.ai Holdings, Inc.",2022-12-01 00:00:00-05:00,2022,4,12,0.6740000247955322,0.949999988079071,1.0199999809265137,0.5799999833106995,1840400,436518932,294213770.99171925,0.29421377099171925,,,,,,,,,-35.25,20.17199,9.764544,,,,-88.09187203240471,Technology,Information Technology Services,United States,630,2022-Q4
BBAI,"BigBear.ai Holdings, Inc.",2023-01-01 00:00:00-05:00,2023,1,1,3.2699999809265137,0.7160000205039978,4.449999809265137,0.6740000247955322,238559200,436518932,1427416899.314062,1.4274168993140621,,,,,,,,,-35.25,20.17199,9.764544,,,,-36.007829833899244,Technology,Information Technology Services,United States,630,2023-Q1
BBAI,"BigBear.ai Holdings, Inc.",2023-02-01 00:00:00-05:00,2023,1,2,2.940000057220459,3.359999895095825,6.769999980926514,2.859999895095825,197138500,436518932,1283365685.0578136,1.2833656850578137,,,,,,,,,-35.25,20.17199,9.764544,,,,-49.1349489532641,Technology,Information Technology Services,United States,630,2023-Q1
BBAI,"BigBear.ai Holdings, Inc.",2023-03-01 00:00:00-05:00,2023,1,3,2.440000057220459,2.930000066757202,3.7899999618530273,1.5099999904632568,173661700,436518932,1065106219.0578136,1.0651062190578136,,,,,,,,,-35.25,20.17199,9.764544,,,,-70.38834799761952,Technology,Information Technology Services,United States,630,2023-Q1
BBAI,"BigBear.ai Holdings, Inc.",2023-04-01 00:00:00-04:00,2023,2,4,2.9000000953674316,2.5,3.740000009536743,2.0199999809265137,265389000,436518932,1265904944.4296894,1.2659049444296895,,,,,,,,,-35.25,20.17199,9.764544,,,,-71.02897073868124,Technology,Information Technology Services,United States,630,2023-Q2
BBAI,"BigBear.ai Holdings, Inc.",2023-05-01 00:00:00-04:00,2023,2,5,2.2100000381469727,2.880000114440918,3.25,2.109999895095825,155708800,436518932,964706856.3718758,0.9647068563718758,,,,,,,,,-35.25,20.17199,9.764544,,,,-58.53658405664074,Technology,Information Technology Services,United States,630,2023-Q2
BBAI,"BigBear.ai Holdings, Inc.",2023-06-01 00:00:00-04:00,2023,2,6,2.3499999046325684,2.1600000858306885,2.700000047683716,1.940000057220459,135166600,436518932,1025819448.5703106,1.0258194485703105,,,,,,,,,-35.25,20.17199,9.764544,,,,-36.14130809776379,Technology,Information Technology Services,United States,630,2023-Q2
BBAI,"BigBear.ai Holdings, Inc.",2023-07-01 00:00:00-04:00,2023,3,7,2.009999990463257,2.3949999809265137,2.430000066757202,1.7400000095367432,80168200,436518932,877403049.157031,0.877403049157031,,,,,,,,,-35.25,20.17199,9.764544,,,,-20.866140919274468,Technology,Information Technology Services,United States,630,2023-Q3
BBAI,"BigBear.ai Holdings, Inc.",2023-08-01 00:00:00-04:00,2023,3,8,1.6399999856948853,1.9700000286102295,2.2100000381469727,1.2699999809265137,74338900,436518932,715891042.2355466,0.7158910422355466,,,,,,,,,-35.25,20.17199,9.764544,,,,6.493508202528231,Technology,Information Technology Services,United States,630,2023-Q3
BBAI,"BigBear.ai Holdings, Inc.",2023-09-01 00:00:00-04:00,2023,3,9,1.5099999904632568,1.7000000476837158,1.809999942779541,1.2799999713897705,49940400,436518932,659143583.157031,0.659143583157031,,,,,,,,,-35.25,20.17199,9.764544,,,,-3.8216598716108385,Technology,Information Technology Services,United States,630,2023-Q3
BBAI,"BigBear.ai Holdings, Inc.",2023-10-01 00:00:00-04:00,2023,4,10,1.2699999809265137,1.5499999523162842,1.590000033378601,1.159999966621399,27390300,436518932,554379035.3140621,0.5543790353140621,,,,,,,,,-35.25,20.17199,9.764544,,,,-5.925929000184638,Technology,Information Technology Services,United States,630,2023-Q4
BBAI,"BigBear.ai Holdings, Inc.",2023-11-01 00:00:00-04:00,2023,4,11,1.7000000476837158,1.2699999809265137,2.0899999141693115,1.1699999570846558,50572000,436518932,742082205.2148447,0.7420822052148447,,,,,,,,,-35.25,20.17199,9.764544,,,,75.25773170536871,Technology,Information Technology Services,United States,630,2023-Q4
BBAI,"BigBear.ai Holdings, Inc.",2023-12-01 00:00:00-05:00,2023,4,12,2.140000104904175,1.7100000381469727,2.3499999046325684,1.6100000143051147,49050100,436518932,934150560.2726583,0.9341505602726583,,,,,,,,,-35.25,20.17199,9.764544,,,,217.50742228138273,Technology,Information Technology Services,United States,630,2023-Q4
BBAI,"BigBear.ai Holdings, Inc.",2024-01-01 00:00:00-05:00,2024,1,1,1.6200000047683716,2.069999933242798,2.240000009536743,1.6200000047683716,53611900,436518932,707160671.9214845,0.7071606719214845,,,,,,,,,-35.25,20.17199,9.764544,,,,-50.45871516154061,Technology,Information Technology Services,United States,630,2024-Q1
BBAI,"BigBear.ai Holdings, Inc.",2024-02-01 00:00:00-05:00,2024,1,2,3.359999895095825,1.649999976158142,3.75,1.5700000524520874,173987200,436518932,1466703565.7273417,1.4667035657273417,,,,,,,,,-35.25,20.17199,9.764544,,,,14.285708493231919,Technology,Information Technology Services,United States,630,2024-Q1
BBAI,"BigBear.ai Holdings, Inc.",2024-03-01 00:00:00-05:00,2024,1,3,2.049999952316284,3.380000114440918,4.795000076293945,1.9500000476837158,505086000,436518932,894863789.7851553,0.8948637897851554,,,,,,,,,-35.25,20.17199,9.764544,,,,-15.983610481896704,Technology,Information Technology Services,United States,630,2024-Q1
BBAI,"BigBear.ai Holdings, Inc.",2024-04-01 00:00:00-04:00,2024,2,4,1.659999966621399,2.0399999618530273,2.069999933242798,1.440000057220459,108335600,436518932,724621412.5496087,0.7246214125496087,39783000.0,39.783,11063000.0,-14439000.0,-15866000.0,-5065000.0,4.553587038116838,,-35.25,20.17199,9.764544,,,,-42.75862372304247,Technology,Information Technology Services,United States,630,2024-Q2
BBAI,"BigBear.ai Holdings, Inc.",2024-05-01 00:00:00-04:00,2024,2,5,1.5,1.649999976158142,1.8200000524520874,1.3899999856948853,106095000,436518932,654778398.0,0.654778398,39783000.0,39.783,11063000.0,-14439000.0,-15866000.0,-5065000.0,4.1146871653721435,,-35.25,20.17199,9.764544,,0.0,,-32.12669800414525,Technology,Information Technology Services,United States,630,2024-Q2
BBAI,"BigBear.ai Holdings, Inc.",2024-06-01 00:00:00-04:00,2024,2,6,1.5099999904632568,1.5,1.5199999809265137,1.1799999475479126,67376100,436518932,659143583.157031,0.659143583157031,39783000.0,39.783,11063000.0,-14439000.0,-15866000.0,-5065000.0,4.142118386980815,,-35.25,20.17199,9.764544,,0.0,,-35.74467864928057,Technology,Information Technology Services,United States,630,2024-Q2
BBAI,"BigBear.ai Holdings, Inc.",2024-07-01 00:00:00-04:00,2024,3,7,1.5099999904632568,1.4900000095367432,1.6699999570846558,1.3700000047683716,62014400,436518932,659143583.157031,0.659143583157031,41505000.0,41.505,10766000.0,-12176000.0,-10539000.0,-5220000.0,3.9702661315325325,,-35.25,20.17199,9.764544,,4.32848201493099,,-24.875622008573337,Technology,Information Technology Services,United States,630,2024-Q3
BBAI,"BigBear.ai Holdings, Inc.",2024-08-01 00:00:00-04:00,2024,3,8,1.590000033378601,1.5299999713897705,1.9600000381469727,1.1649999618530273,171764800,436518932,694065116.4503913,0.6940651164503913,41505000.0,41.505,10766000.0,-12176000.0,-10539000.0,-5220000.0,4.1806114712106455,,-35.25,20.17199,9.764544,,0.0,4.32848201493099,-3.0487776068545913,Technology,Information Technology Services,United States,630,2024-Q3
BBAI,"BigBear.ai Holdings, Inc.",2024-09-01 00:00:00-04:00,2024,3,9,1.4600000381469727,1.600000023841858,1.659999966621399,1.2899999618530273,45274700,436518932,637317657.3718758,0.6373176573718757,41505000.0,41.505,10766000.0,-12176000.0,-10539000.0,-5220000.0,3.8388004901329706,,-35.25,20.17199,9.764544,,0.0,4.32848201493099,-3.3112551411966895,Technology,Information Technology Services,United States,630,2024-Q3
BBAI,"BigBear.ai Holdings, Inc.",2024-10-01 00:00:00-04:00,2024,4,10,1.590000033378601,1.440000057220459,1.940000057220459,1.3600000143051147,94705100,436518932,694065116.4503913,0.6940651164503913,43827000.0,43.827,16405000.0,-146487000.0,-8172000.0,-128632000.0,3.959118331453164,,-35.25,20.17199,9.764544,,5.594506685941458,10.16514591659754,25.196854902205203,Technology,Information Technology Services,United States,630,2024-Q4
BBAI,"BigBear.ai Holdings, Inc.",2024-11-01 00:00:00-04:00,2024,4,11,2.2899999618530273,1.6399999856948853,2.630000114440918,1.5099999904632568,221128200,436518932,999628337.6281242,0.9996283376281242,43827000.0,43.827,16405000.0,-146487000.0,-8172000.0,-128632000.0,5.702126187214071,,-35.25,20.17199,9.764544,,0.0,5.594506685941458,34.70587633060354,Technology,Information Technology Services,United States,630,2024-Q4
BBAI,"BigBear.ai Holdings, Inc.",2024-12-01 00:00:00-05:00,2024,4,12,4.449999809265137,2.359999895095825,5.199999809265137,2.119999885559082,1265055500,436518932,1942509164.1406212,1.9425091641406211,43827000.0,43.827,16405000.0,-146487000.0,-8172000.0,-128632000.0,11.080550597466294,,-35.25,20.17199,9.764544,,0.0,5.594506685941458,107.94390612725691,Technology,Information Technology Services,United States,630,2024-Q4
BBAI,"BigBear.ai Holdings, Inc.",2025-01-01 00:00:00-05:00,2025,1,1,4.239999771118164,4.585000038146973,4.820000171661377,2.8499999046325684,688535700,436518932,1850840171.7687454,1.8508401717687455,34757000.0,34.757,7388000.0,-61986000.0,-19510000.0,-53375000.0,13.312715221169444,,-35.25,20.17199,9.764544,,-20.69500536199147,-16.258282134682567,161.72838016283842,Technology,Information Technology Services,United States,630,2025-Q1
BBAI,"BigBear.ai Holdings, Inc.",2025-02-01 00:00:00-05:00,2025,1,2,5.159999847412109,3.825000047683716,10.359999656677246,3.7799999713897705,1864250000,436518932,2252437622.512497,2.252437622512497,34757000.0,34.757,7388000.0,-61986000.0,-19510000.0,-53375000.0,16.201323636335825,,-35.25,20.17199,9.764544,,0.0,-20.69500536199147,53.57142882484969,Technology,Information Technology Services,United States,630,2025-Q1
BBAI,"BigBear.ai Holdings, Inc.",2025-03-01 00:00:00-05:00,2025,1,3,2.859999895095825,5.485000133514404,5.650000095367432,2.799999952316284,913075000,436518932,1248444099.7273417,1.2484440997273416,34757000.0,34.757,7388000.0,-61986000.0,-19510000.0,-53375000.0,8.9798033470045,,-35.25,20.17199,9.764544,,0.0,-20.69500536199147,39.51219324977673,Technology,Information Technology Services,United States,630,2025-Q1
BBAI,"BigBear.ai Holdings, Inc.",2025-04-01 00:00:00-04:00,2025,2,4,3.4100000858306885,2.9000000953674316,3.7899999618530273,2.359999895095825,1093995800,436518932,1488529595.5867205,1.4885295955867204,32472000.0,32.472,8113000.0,-228619000.0,-17767000.0,-220735000.0,11.460100976123433,,-35.25,20.17199,9.764544,,-6.57421526598958,-25.90868642617564,105.42169604804678,Technology,Information Technology Services,United States,630,2025-Q2
BBAI,"BigBear.ai Holdings, Inc.",2025-05-01 00:00:00-04:00,2025,2,5,4.159999847412109,3.559999942779541,4.610000133514404,2.9600000381469727,1781246000,436518932,1815918690.512497,1.8159186905124969,32472000.0,32.472,8113000.0,-228619000.0,-17767000.0,-220735000.0,13.980650179481529,,-35.25,20.17199,9.764544,,0.0,-6.57421526598958,177.33332316080728,Technology,Information Technology Services,United States,630,2025-Q2
BBAI,"BigBear.ai Holdings, Inc.",2025-06-01 00:00:00-04:00,2025,2,6,6.789999961853027,4.019999980926514,7.230000019073486,3.6500000953674316,3384462900,436518932,2963963531.628124,2.9639635316281243,32472000.0,32.472,8113000.0,-228619000.0,-17767000.0,-220735000.0,22.819379246952177,,-35.25,20.17199,9.764544,,0.0,-6.57421526598958,349.6688744858803,Technology,Information Technology Services,United States,630,2025-Q2
BBAI,"BigBear.ai Holdings, Inc.",2025-07-01 00:00:00-04:00,2025,3,7,6.349999904632568,7.150000095367432,8.720000267028809,6.090000152587891,3006928000,436518932,2771895176.5703106,2.7718951765703106,,,,,,,,,-35.25,20.17199,9.764544,,0.0,-6.57421526598958,320.5297976647295,Technology,Information Technology Services,United States,630,2025-Q3
BBAI,"BigBear.ai Holdings, Inc.",2025-08-01 00:00:00-04:00,2025,3,8,5.070000171661377,6.045000076293945,7.389999866485596,4.75,1563335300,436518932,2213151060.173441,2.2131510601734408,,,,,,,,,-35.25,20.17199,9.764544,,0.0,0.0,218.8679286306744,Technology,Information Technology Services,United States,630,2025-Q3
BBAI,"BigBear.ai Holdings, Inc.",2025-09-01 00:00:00-04:00,2025,3,9,6.519999980926514,4.949999809265137,8.479999542236328,4.650000095367432,2007116800,436518932,2846103428.314062,2.8461034283140623,,,,,,,,,-35.25,20.17199,9.764544,,0.0,0.0,346.57532949120167,Technology,Information Technology Services,United States,630,2025-Q3
BBAI,"BigBear.ai Holdings, Inc.",2025-10-01 00:00:00-04:00,2025,4,10,7.050000190734863,6.550000190734863,9.390000343322754,6.389999866485596,2892067813,436518932,3077458553.859379,3.077458553859379,,,,,,,,,-35.25,20.17199,9.764544,,0.0,0.0,343.3962291028556,Technology,Information Technology Services,United States,630,2025-Q4
