ticker,company_name,date,year,quarter,month,close_price,open_price,high_price,low_price,volume,shares_outstanding,market_cap,market_cap_billions,revenue,revenue_millions,gross_profit,net_income,operating_income,ebitda,ps_ratio,current_pe,forward_pe,current_ps,current_pb,peg_ratio,revenue_qoq_pct,revenue_yoy_pct,market_cap_yoy_pct,sector,industry,country,employees,year_quarter
BIDU,BAIDU INC - SPON ADR,2015-01-01 00:00:00-05:00,2015,1,1,217.9199981689453,229.4600067138672,234.6699981689453,212.82000732421875,57384600,278228356,60631522830.068665,60.63152283006866,,,,,,,,12.593607,12.434625,0.35905644,0.17045903,,,,,Communication Services,Internet Content & Information,China,35900,2015-Q1
BIDU,BAIDU INC - SPON ADR,2015-02-01 00:00:00-05:00,2015,1,2,203.75,218.77000427246094,220.8300018310547,199.6999969482422,73051100,278228356,56689027535.0,56.689027535,,,,,,,,12.593607,12.434625,0.35905644,0.17045903,,,,,Communication Services,Internet Content & Information,China,35900,2015-Q1
BIDU,BAIDU INC - SPON ADR,2015-03-01 00:00:00-05:00,2015,1,3,208.39999389648438,204.19000244140625,218.55999755859375,202.1999969482422,54914600,278228356,57982787692.22888,57.98278769222888,,,,,,,,12.593607,12.434625,0.35905644,0.17045903,,,,,Communication Services,Internet Content & Information,China,35900,2015-Q1
BIDU,BAIDU INC - SPON ADR,2015-04-01 00:00:00-04:00,2015,2,4,200.27999877929688,210.13999938964844,223.9499969482422,199.60000610351562,76305800,278228356,55723574800.04578,55.723574800045775,,,,,,,,12.593607,12.434625,0.35905644,0.17045903,,,,,Communication Services,Internet Content & Information,China,35900,2015-Q2
BIDU,BAIDU INC - SPON ADR,2015-05-01 00:00:00-04:00,2015,2,5,197.39999389648438,200.89999389648438,206.89999389648438,188.60000610351562,75001700,278228356,54922275776.22888,54.92227577622888,,,,,,,,12.593607,12.434625,0.35905644,0.17045903,,,,,Communication Services,Internet Content & Information,China,35900,2015-Q2
BIDU,BAIDU INC - SPON ADR,2015-06-01 00:00:00-04:00,2015,2,6,199.0800018310547,198.94000244140625,214.22000122070312,197.5800018310547,52378300,278228356,55389701621.931335,55.38970162193134,,,,,,,,12.593607,12.434625,0.35905644,0.17045903,,,,,Communication Services,Internet Content & Information,China,35900,2015-Q2
BIDU,BAIDU INC - SPON ADR,2015-07-01 00:00:00-04:00,2015,3,7,172.66000366210938,200.58999633789062,210.0,162.0,120805200,278228356,48038908965.86267,48.038908965862674,,,,,,,,12.593607,12.434625,0.35905644,0.17045903,,,,,Communication Services,Internet Content & Information,China,35900,2015-Q3
BIDU,BAIDU INC - SPON ADR,2015-08-01 00:00:00-04:00,2015,3,8,147.25,170.82000732421875,179.05999755859375,100.0,114059200,278228356,40969125421.0,40.969125421,,,,,,,,12.593607,12.434625,0.35905644,0.17045903,,,,,Communication Services,Internet Content & Information,China,35900,2015-Q3
BIDU,BAIDU INC - SPON ADR,2015-09-01 00:00:00-04:00,2015,3,9,137.41000366210938,142.92999267578125,153.4199981689453,130.77000427246094,81132700,278228356,38231359416.86267,38.231359416862674,,,,,,,,12.593607,12.434625,0.35905644,0.17045903,,,,,Communication Services,Internet Content & Information,China,35900,2015-Q3
BIDU,BAIDU INC - SPON ADR,2015-10-01 00:00:00-04:00,2015,4,10,187.47000122070312,138.32000732421875,189.5500030517578,135.30999755859375,100597100,278228356,52159470238.95422,52.15947023895422,,,,,,,,12.593607,12.434625,0.35905644,0.17045903,,,,,Communication Services,Internet Content & Information,China,35900,2015-Q4
BIDU,BAIDU INC - SPON ADR,2015-11-01 00:00:00-04:00,2015,4,11,217.97000122070312,185.39999389648438,217.97000122070312,185.38999938964844,105979000,278228356,60645435096.95422,60.64543509695422,,,,,,,,12.593607,12.434625,0.35905644,0.17045903,,,,,Communication Services,Internet Content & Information,China,35900,2015-Q4
BIDU,BAIDU INC - SPON ADR,2015-12-01 00:00:00-05:00,2015,4,12,189.0399932861328,213.38999938964844,215.1999969482422,188.3300018310547,66996400,278228356,52596286550.25177,52.59628655025177,,,,,,,,12.593607,12.434625,0.35905644,0.17045903,,,,,Communication Services,Internet Content & Information,China,35900,2015-Q4
BIDU,BAIDU INC - SPON ADR,2016-01-01 00:00:00-05:00,2016,1,1,163.27000427246094,181.2899932861328,189.83999633789062,154.52999877929688,75016900,278228356,45426344872.83978,45.426344872839785,,,,,,,,12.593607,12.434625,0.35905644,0.17045903,,,,-25.07800768891172,Communication Services,Internet Content & Information,China,35900,2016-Q1
BIDU,BAIDU INC - SPON ADR,2016-02-01 00:00:00-05:00,2016,1,2,173.4199981689453,160.27000427246094,176.80999755859375,139.61000061035156,85467200,278228356,48250360988.068665,48.250360988068664,,,,,,,,12.593607,12.434625,0.35905644,0.17045903,,,,-14.88589046922929,Communication Services,Internet Content & Information,China,35900,2016-Q1
BIDU,BAIDU INC - SPON ADR,2016-03-01 00:00:00-05:00,2016,1,3,190.8800048828125,175.69000244140625,193.72999572753906,169.27999877929688,52152200,278228356,53108229951.816895,53.108229951816895,,,,,,,,12.593607,12.434625,0.35905644,0.17045903,,,,-8.406904763334266,Communication Services,Internet Content & Information,China,35900,2016-Q1
BIDU,BAIDU INC - SPON ADR,2016-04-01 00:00:00-04:00,2016,2,4,194.3000030517578,188.7899932861328,201.0,181.44000244140625,48522200,278228356,54059770419.88556,54.05977041988556,,,,,,,,12.593607,12.434625,0.35905644,0.17045903,,,,-2.985817737161489,Communication Services,Internet Content & Information,China,35900,2016-Q2
BIDU,BAIDU INC - SPON ADR,2016-05-01 00:00:00-04:00,2016,2,5,178.5399932861328,185.3300018310547,185.50999450683594,158.3800048828125,113218100,278228356,49674888812.25177,49.67488881225177,,,,,,,,12.593607,12.434625,0.35905644,0.17045903,,,,-9.554205265194515,Communication Services,Internet Content & Information,China,35900,2016-Q2
BIDU,BAIDU INC - SPON ADR,2016-06-01 00:00:00-04:00,2016,2,6,165.14999389648438,176.52999877929688,179.0,155.27999877929688,72001100,278228356,45949411295.22888,45.949411295228884,,,,,,,,12.593607,12.434625,0.35905644,0.17045903,,,,-17.043403467197248,Communication Services,Internet Content & Information,China,35900,2016-Q2
BIDU,BAIDU INC - SPON ADR,2016-07-01 00:00:00-04:00,2016,3,7,159.60000610351562,165.24000549316406,172.75999450683594,155.27999877929688,62688100,278228356,44405247315.77112,44.40524731577112,,,,,,,,12.593607,12.434625,0.35905644,0.17045903,,,,-7.563997035556536,Communication Services,Internet Content & Information,China,35900,2016-Q3
BIDU,BAIDU INC - SPON ADR,2016-08-01 00:00:00-04:00,2016,3,8,171.07000732421875,159.8000030517578,178.8800048828125,158.6199951171875,50141400,278228356,47596526898.72534,47.596526898725344,,,,,,,,12.593607,12.434625,0.35905644,0.17045903,,,,16.176575432406626,Communication Services,Internet Content & Information,China,35900,2016-Q3
BIDU,BAIDU INC - SPON ADR,2016-09-01 00:00:00-04:00,2016,3,9,182.07000732421875,171.85000610351562,197.8000030517578,171.77000427246094,64074900,278228356,50657038814.72534,50.65703881472534,,,,,,,,12.593607,12.434625,0.35905644,0.17045903,,,,32.50127535978249,Communication Services,Internet Content & Information,China,35900,2016-Q3
BIDU,BAIDU INC - SPON ADR,2016-10-01 00:00:00-04:00,2016,4,10,176.86000061035156,182.83999633789062,187.24000549316406,171.88999938964844,46810300,278228356,49207467211.97711,49.20746721197711,,,,,,,,12.593607,12.434625,0.35905644,0.17045903,,,,-5.6595724869392345,Communication Services,Internet Content & Information,China,35900,2016-Q4
BIDU,BAIDU INC - SPON ADR,2016-11-01 00:00:00-04:00,2016,4,11,166.9499969482422,176.75,177.35000610351562,159.5399932861328,45786300,278228356,46450223185.11444,46.45022318511444,,,,,,,,12.593607,12.434625,0.35905644,0.17045903,,,,-23.40689268556786,Communication Services,Internet Content & Information,China,35900,2016-Q4
BIDU,BAIDU INC - SPON ADR,2016-12-01 00:00:00-05:00,2016,4,12,164.41000366210938,167.52000427246094,173.0,160.7899932861328,38119300,278228356,45743525028.86267,45.74352502886267,,,,,,,,12.593607,12.434625,0.35905644,0.17045903,,,,-13.028983547805806,Communication Services,Internet Content & Information,China,35900,2016-Q4
BIDU,BAIDU INC - SPON ADR,2017-01-01 00:00:00-05:00,2017,1,1,175.07000732421875,166.3000030517578,183.0,165.82000732421875,39874900,278228356,48709440322.72534,48.70944032272534,,,,,,,,12.593607,12.434625,0.35905644,0.17045903,,,,7.2272938953724,Communication Services,Internet Content & Information,China,35900,2017-Q1
BIDU,BAIDU INC - SPON ADR,2017-02-01 00:00:00-05:00,2017,1,2,174.1300048828125,176.72999572753906,188.5399932861328,171.72999572753906,46532600,278228356,48447904988.816895,48.447904988816894,,,,,,,,12.593607,12.434625,0.35905644,0.17045903,,,,0.40941455504774904,Communication Services,Internet Content & Information,China,35900,2017-Q1
BIDU,BAIDU INC - SPON ADR,2017-03-01 00:00:00-05:00,2017,1,3,172.52000427246094,176.44000244140625,178.86000061035156,166.0,48068500,278228356,47999957165.83978,47.99995716583978,,,,,,,,12.593607,12.434625,0.35905644,0.17045903,,,,-9.618608623581803,Communication Services,Internet Content & Information,China,35900,2017-Q1
BIDU,BAIDU INC - SPON ADR,2017-04-01 00:00:00-04:00,2017,2,4,180.22999572753906,173.0,188.60000610351562,171.1699981689453,46978300,278228356,50145095413.16022,50.14509541316022,,,,,,,,12.593607,12.434625,0.35905644,0.17045903,,,,-7.241382966149912,Communication Services,Internet Content & Information,China,35900,2017-Q2
BIDU,BAIDU INC - SPON ADR,2017-05-01 00:00:00-04:00,2017,2,5,186.10000610351562,180.4499969482422,193.74000549316406,174.77000427246094,61161100,278228356,51778298749.77112,51.77829874977112,,,,,,,,12.593607,12.434625,0.35905644,0.17045903,,,,4.234352582990719,Communication Services,Internet Content & Information,China,35900,2017-Q2
BIDU,BAIDU INC - SPON ADR,2017-06-01 00:00:00-04:00,2017,2,6,178.86000061035156,186.14999389648438,192.3800048828125,173.52000427246094,53496300,278228356,49763923923.97711,49.76392392397711,,,,,,,,12.593607,12.434625,0.35905644,0.17045903,,,,8.30154842298123,Communication Services,Internet Content & Information,China,35900,2017-Q2
BIDU,BAIDU INC - SPON ADR,2017-07-01 00:00:00-04:00,2017,3,7,226.35000610351562,179.89999389648438,230.0,179.6300048828125,66002100,278228356,62976990078.77112,62.97699007877112,,,,,,,,12.593607,12.434625,0.35905644,0.17045903,,,,41.82330667124559,Communication Services,Internet Content & Information,China,35900,2017-Q3
BIDU,BAIDU INC - SPON ADR,2017-08-01 00:00:00-04:00,2017,3,8,228.0500030517578,227.13999938964844,233.3699951171875,213.52999877929688,65496900,278228356,63449977434.88556,63.44997743488556,,,,,,,,12.593607,12.434625,0.35905644,0.17045903,,,,33.30799864849967,Communication Services,Internet Content & Information,China,35900,2017-Q3
BIDU,BAIDU INC - SPON ADR,2017-09-01 00:00:00-04:00,2017,3,9,247.69000244140625,228.25999450683594,248.0,223.5399932861328,51947600,278228356,68914382176.90845,68.91438217690845,,,,,,,,12.593607,12.434625,0.35905644,0.17045903,,,,36.04107896823201,Communication Services,Internet Content & Information,China,35900,2017-Q3
BIDU,BAIDU INC - SPON ADR,2017-10-01 00:00:00-04:00,2017,4,10,243.94000244140625,248.6199951171875,274.9700012207031,232.44000244140625,67719400,278228356,67871025841.90845,67.87102584190845,,,,,,,,12.593607,12.434625,0.35905644,0.17045903,,,,37.928305778332394,Communication Services,Internet Content & Information,China,35900,2017-Q4
BIDU,BAIDU INC - SPON ADR,2017-11-01 00:00:00-04:00,2017,4,11,238.5800018310547,247.7100067138672,252.89999389648438,226.00999450683594,48880200,278228356,66379721683.931335,66.37972168393134,,,,,,,,12.593607,12.434625,0.35905644,0.17045903,,,,42.90506510462484,Communication Services,Internet Content & Information,China,35900,2017-Q4
BIDU,BAIDU INC - SPON ADR,2017-12-01 00:00:00-05:00,2017,4,12,234.2100067138672,233.64999389648438,242.0,225.5,43209500,278228356,65163865126.74823,65.16386512674823,,,,,,,,12.593607,12.434625,0.35905644,0.17045903,,,,42.45483942401018,Communication Services,Internet Content & Information,China,35900,2017-Q4
BIDU,BAIDU INC - SPON ADR,2018-01-01 00:00:00-05:00,2018,1,1,246.9199981689453,236.49000549316406,265.7699890136719,235.25999450683594,54599000,278228356,68700145154.068665,68.70014515406866,,,,,,,,12.593607,12.434625,0.35905644,0.17045903,,,,41.04071962004596,Communication Services,Internet Content & Information,China,35900,2018-Q1
BIDU,BAIDU INC - SPON ADR,2018-02-01 00:00:00-05:00,2018,1,2,252.33999633789062,243.3300018310547,257.55999755859375,207.74000549316406,66755700,278228356,70208142334.13733,70.20814233413734,,,,,,,,12.593607,12.434625,0.35905644,0.17045903,,,,44.914712721516636,Communication Services,Internet Content & Information,China,35900,2018-Q1
BIDU,BAIDU INC - SPON ADR,2018-03-01 00:00:00-05:00,2018,1,3,223.19000244140625,251.6300048828125,270.5799865722656,220.16000366210938,64345500,278228356,62097787454.90845,62.09778745490845,,,,,,,,12.593607,12.434625,0.35905644,0.17045903,,,,29.370505978496354,Communication Services,Internet Content & Information,China,35900,2018-Q1
BIDU,BAIDU INC - SPON ADR,2018-04-01 00:00:00-04:00,2018,2,4,250.89999389648438,220.83999633789062,257.29998779296875,213.55999755859375,54588100,278228356,69807492822.22888,69.80749282222888,,,,,,,,12.593607,12.434625,0.35905644,0.17045903,,,,39.21100806981097,Communication Services,Internet Content & Information,China,35900,2018-Q2
BIDU,BAIDU INC - SPON ADR,2018-05-01 00:00:00-04:00,2018,2,5,242.55999755859375,247.24000549316406,284.2200012207031,236.61000061035156,102401300,278228356,67487069352.09155,67.48706935209155,,,,,,,,12.593607,12.434625,0.35905644,0.17045903,,,,30.338522086706977,Communication Services,Internet Content & Information,China,35900,2018-Q2
BIDU,BAIDU INC - SPON ADR,2018-06-01 00:00:00-04:00,2018,2,6,243.0,245.38999938964844,273.6099853515625,237.8000030517578,81083500,278228356,67609490508.0,67.609490508,,,,,,,,12.593607,12.434625,0.35905644,0.17045903,,,,35.86044904996848,Communication Services,Internet Content & Information,China,35900,2018-Q2
BIDU,BAIDU INC - SPON ADR,2018-07-01 00:00:00-04:00,2018,3,7,247.17999267578125,238.0800018310547,274.0,236.27999877929688,56176800,278228356,68772482998.27466,68.77248299827465,,,,,,,,12.593607,12.434625,0.35905644,0.17045903,,,,9.202556222922986,Communication Services,Internet Content & Information,China,35900,2018-Q3
BIDU,BAIDU INC - SPON ADR,2018-08-01 00:00:00-04:00,2018,3,8,226.47999572753906,234.99000549316406,237.72000122070312,207.9499969482422,93962500,278228356,63013156878.16022,63.01315687816022,,,,,,,,12.593607,12.434625,0.35905644,0.17045903,,,,-0.6884487187936661,Communication Services,Internet Content & Information,China,35900,2018-Q3
BIDU,BAIDU INC - SPON ADR,2018-09-01 00:00:00-04:00,2018,3,9,228.67999267578125,225.08999633789062,234.8800048828125,208.5,46112100,278228356,63625258412.27466,63.62525841227466,,,,,,,,12.593607,12.434625,0.35905644,0.17045903,,,,-7.674920092958548,Communication Services,Internet Content & Information,China,35900,2018-Q3
BIDU,BAIDU INC - SPON ADR,2018-10-01 00:00:00-04:00,2018,4,10,190.05999755859375,230.80999755859375,231.1699981689453,177.8000030517578,79959300,278228356,52880080662.09155,52.88008066209155,,,,,,,,12.593607,12.434625,0.35905644,0.17045903,,,,-22.087400321213956,Communication Services,Internet Content & Information,China,35900,2018-Q4
BIDU,BAIDU INC - SPON ADR,2018-11-01 00:00:00-04:00,2018,4,11,188.27999877929688,192.4499969482422,206.25,175.32000732421875,59514400,278228356,52384834528.04578,52.38483452804578,,,,,,,,12.593607,12.434625,0.35905644,0.17045903,,,,-21.08307597691138,Communication Services,Internet Content & Information,China,35900,2018-Q4
BIDU,BAIDU INC - SPON ADR,2018-12-01 00:00:00-05:00,2018,4,12,158.60000610351562,196.0,196.0,154.61000061035156,59691800,278228356,44127018959.77112,44.12701895977112,,,,,,,,12.593607,12.434625,0.35905644,0.17045903,,,,-32.28299322954369,Communication Services,Internet Content & Information,China,35900,2018-Q4
BIDU,BAIDU INC - SPON ADR,2019-01-01 00:00:00-05:00,2019,1,1,172.6300048828125,156.17999267578125,175.08999633789062,153.77999877929688,64378000,278228356,48030562454.816895,48.030562454816895,,,,,,,,12.593607,12.434625,0.35905644,0.17045903,,,,-30.086665250703103,Communication Services,Internet Content & Information,China,35900,2019-Q1
BIDU,BAIDU INC - SPON ADR,2019-02-01 00:00:00-05:00,2019,1,2,162.5399932861328,172.67999267578125,176.88999938964844,160.60000610351562,62125300,278228356,45223235116.25177,45.22323511625177,,,,,,,,12.593607,12.434625,0.35905644,0.17045903,,,,-35.586908280490334,Communication Services,Internet Content & Information,China,35900,2019-Q1
BIDU,BAIDU INC - SPON ADR,2019-03-01 00:00:00-05:00,2019,1,3,164.85000610351562,164.17999267578125,174.02000427246094,158.44000244140625,56194000,278228356,45865946184.77112,45.86594618477112,,,,,,,,12.593607,12.434625,0.35905644,0.17045903,,,,-26.13916201430507,Communication Services,Internet Content & Information,China,35900,2019-Q1
BIDU,BAIDU INC - SPON ADR,2019-04-01 00:00:00-04:00,2019,2,4,166.22999572753906,168.07000732421875,186.22000122070312,162.1999969482422,67233200,278228356,46249898429.16022,46.24989842916022,,,,,,,,12.593607,12.434625,0.35905644,0.17045903,,,,-33.746512645942204,Communication Services,Internet Content & Information,China,35900,2019-Q2
BIDU,BAIDU INC - SPON ADR,2019-05-01 00:00:00-04:00,2019,2,5,110.0,166.5800018310547,168.6300048828125,108.75,134022100,278228356,30605119160.0,30.60511916,,,,,,,,12.593607,12.434625,0.35905644,0.17045903,,,,-54.650395321912896,Communication Services,Internet Content & Information,China,35900,2019-Q2
BIDU,BAIDU INC - SPON ADR,2019-06-01 00:00:00-04:00,2019,2,6,117.36000061035156,109.76000213623047,121.06999969482422,106.80000305175781,75045600,278228356,32652880029.97711,32.65288002997711,,,,,,,,12.593607,12.434625,0.35905644,0.17045903,,,,-51.70370345253021,Communication Services,Internet Content & Information,China,35900,2019-Q2
BIDU,BAIDU INC - SPON ADR,2019-07-01 00:00:00-04:00,2019,3,7,111.69999694824219,121.48999786376953,121.80000305175781,110.75,60905500,278228356,31078106516.11444,31.078106516114442,,,,,,,,12.593607,12.434625,0.35905644,0.17045903,,,,-54.810259625358995,Communication Services,Internet Content & Information,China,35900,2019-Q3
BIDU,BAIDU INC - SPON ADR,2019-08-01 00:00:00-04:00,2019,3,8,104.47000122070312,111.52999877929688,113.4000015258789,93.38999938964844,111823100,278228356,29066516690.954224,29.066516690954224,,,,,,,,12.593607,12.434625,0.35905644,0.17045903,,,,-53.8723051962686,Communication Services,Internet Content & Information,China,35900,2019-Q3
BIDU,BAIDU INC - SPON ADR,2019-09-01 00:00:00-04:00,2019,3,9,102.76000213623047,103.31999969482422,113.26000213623047,97.25,73441700,278228356,28590746456.91989,28.59074645691989,,,,,,,,12.593607,12.434625,0.35905644,0.17045903,,,,-55.06384230039665,Communication Services,Internet Content & Information,China,35900,2019-Q3
BIDU,BAIDU INC - SPON ADR,2019-10-01 00:00:00-04:00,2019,4,10,101.8499984741211,102.80000305175781,109.33000183105469,98.19999694824219,62955200,278228356,28337557634.05722,28.33755763405722,,,,,,,,12.593607,12.434625,0.35905644,0.17045903,,,,-46.411659590429245,Communication Services,Internet Content & Information,China,35900,2019-Q4
BIDU,BAIDU INC - SPON ADR,2019-11-01 00:00:00-04:00,2019,4,11,118.52999877929688,103.05000305175781,127.26000213623047,102.5,95063800,278228356,32978406697.045776,32.97840669704578,,,,,,,,12.593607,12.434625,0.35905644,0.17045903,,,,-37.04588934152344,Communication Services,Internet Content & Information,China,35900,2019-Q4
BIDU,BAIDU INC - SPON ADR,2019-12-01 00:00:00-05:00,2019,4,12,126.4000015258789,118.38999938964844,129.3800048828125,113.30000305175781,59902000,278228356,35168064622.94278,35.16806462294278,,,,,,,,12.593607,12.434625,0.35905644,0.17045903,,,,-20.3026502764573,Communication Services,Internet Content & Information,China,35900,2019-Q4
BIDU,BAIDU INC - SPON ADR,2020-01-01 00:00:00-05:00,2020,1,1,123.55999755859375,129.49000549316406,147.3800048828125,121.0,97397800,278228356,34377894988.09155,34.377894988091555,,,,,,,,12.593607,12.434625,0.35905644,0.17045903,,,,-28.4249585450277,Communication Services,Internet Content & Information,China,35900,2020-Q1
BIDU,BAIDU INC - SPON ADR,2020-02-01 00:00:00-05:00,2020,1,2,119.9800033569336,127.1500015258789,138.5,114.80999755859375,79470700,278228356,33381839086.874115,33.381839086874116,,,,,,,,12.593607,12.434625,0.35905644,0.17045903,,,,-26.18431874441959,Communication Services,Internet Content & Information,China,35900,2020-Q1
BIDU,BAIDU INC - SPON ADR,2020-03-01 00:00:00-05:00,2020,1,3,100.79000091552734,122.80000305175781,122.97000122070312,82.0,124339800,278228356,28042636255.965668,28.042636255965668,,,,,,,,12.593607,12.434625,0.35905644,0.17045903,,,,-38.859571013762995,Communication Services,Internet Content & Information,China,35900,2020-Q1
BIDU,BAIDU INC - SPON ADR,2020-04-01 00:00:00-04:00,2020,2,4,100.93000030517578,98.68000030517578,107.66999816894531,94.9000015258789,88086700,278228356,28081588055.988556,28.081588055988554,,,,,,,,12.593607,12.434625,0.35905644,0.17045903,,,,-39.2829195095414,Communication Services,Internet Content & Information,China,35900,2020-Q2
BIDU,BAIDU INC - SPON ADR,2020-05-01 00:00:00-04:00,2020,2,5,106.55000305175781,98.19999694824219,120.8499984741211,90.94000244140625,121097100,278228356,29645232180.88556,29.64523218088556,,,,,,,,12.593607,12.434625,0.35905644,0.17045903,,,,-3.1363608620383565,Communication Services,Internet Content & Information,China,35900,2020-Q2
BIDU,BAIDU INC - SPON ADR,2020-06-01 00:00:00-04:00,2020,2,6,119.88999938964844,106.0199966430664,128.27999877929688,105.30999755859375,80258400,278228356,33356797431.02289,33.35679743102289,,,,,,,,12.593607,12.434625,0.35905644,0.17045903,,,,2.155759003186075,Communication Services,Internet Content & Information,China,35900,2020-Q2
BIDU,BAIDU INC - SPON ADR,2020-07-01 00:00:00-04:00,2020,3,7,119.4000015258789,119.88999938964844,135.44000244140625,114.75,68785700,278228356,33220466130.94278,33.22046613094278,,,,,,,,12.593607,12.434625,0.35905644,0.17045903,,,,6.893468923911095,Communication Services,Internet Content & Information,China,35900,2020-Q3
BIDU,BAIDU INC - SPON ADR,2020-08-01 00:00:00-04:00,2020,3,8,124.56999969482422,120.29000091552734,129.02999877929688,115.58999633789062,76297200,278228356,34658906222.011444,34.658906222011446,,,,,,,,12.593607,12.434625,0.35905644,0.17045903,,,,19.239971512643027,Communication Services,Internet Content & Information,China,35900,2020-Q3
BIDU,BAIDU INC - SPON ADR,2020-09-01 00:00:00-04:00,2020,3,9,126.58999633789062,125.37000274658203,129.02999877929688,116.41000366210938,59131600,278228356,35220926567.13733,35.220926567137326,,,,,,,,12.593607,12.434625,0.35905644,0.17045903,,,,23.189951057093584,Communication Services,Internet Content & Information,China,35900,2020-Q3
BIDU,BAIDU INC - SPON ADR,2020-10-01 00:00:00-04:00,2020,4,10,133.0500030517578,126.52999877929688,138.97999572753906,123.5,73636300,278228356,37018283614.88556,37.01828361488556,,,,,,,,12.593607,12.434625,0.35905644,0.17045903,,,,30.633289194956916,Communication Services,Internet Content & Information,China,35900,2020-Q4
BIDU,BAIDU INC - SPON ADR,2020-11-01 00:00:00-04:00,2020,4,11,138.99000549316406,134.30999755859375,151.17999267578125,131.0,81822500,278228356,38670960728.79401,38.67096072879401,,,,,,,,12.593607,12.434625,0.35905644,0.17045903,,,,17.261458638807348,Communication Services,Internet Content & Information,China,35900,2020-Q4
BIDU,BAIDU INC - SPON ADR,2020-12-01 00:00:00-05:00,2020,4,12,216.24000549316406,139.05999755859375,225.35000610351562,137.57000732421875,198863400,278228356,60164101229.79401,60.16410122979401,,,,,,,,12.593607,12.434625,0.35905644,0.17045903,,,,71.075951647747,Communication Services,Internet Content & Information,China,35900,2020-Q4
BIDU,BAIDU INC - SPON ADR,2021-01-01 00:00:00-05:00,2021,1,1,235.02000427246094,219.50999450683594,264.94000244140625,203.6199951171875,210366900,278228356,65389229415.83978,65.38922941583978,,,,,,,,12.593607,12.434625,0.35905644,0.17045903,,,,90.2071940079243,Communication Services,Internet Content & Information,China,35900,2021-Q1
BIDU,BAIDU INC - SPON ADR,2021-02-01 00:00:00-05:00,2021,1,2,283.4599914550781,239.35000610351562,354.82000732421875,235.8800048828125,202985700,278228356,78866607414.32043,78.86660741432044,,,,,,,,12.593607,12.434625,0.35905644,0.17045903,,,,136.25602894159036,Communication Services,Internet Content & Information,China,35900,2021-Q1
BIDU,BAIDU INC - SPON ADR,2021-03-01 00:00:00-05:00,2021,1,3,217.5500030517578,303.3399963378906,311.17999267578125,174.0500030517578,470925300,278228356,60528579696.88556,60.52857969688556,,,,,,,,12.593607,12.434625,0.35905644,0.17045903,,,,115.84482694279137,Communication Services,Internet Content & Information,China,35900,2021-Q1
BIDU,BAIDU INC - SPON ADR,2021-04-01 00:00:00-04:00,2021,2,4,210.3300018310547,224.0,228.52999877929688,204.8800048828125,146411200,278228356,58519770626.931335,58.51977062693133,,,,,,,,12.593607,12.434625,0.35905644,0.17045903,,,,108.39195600425336,Communication Services,Internet Content & Information,China,35900,2021-Q2
BIDU,BAIDU INC - SPON ADR,2021-05-01 00:00:00-04:00,2021,2,5,196.27000427246094,210.5500030517578,212.7100067138672,176.89999389648438,133462000,278228356,54607880620.83978,54.60788062083978,,,,,,,,12.593607,12.434625,0.35905644,0.17045903,,,,84.20459751382707,Communication Services,Internet Content & Information,China,35900,2021-Q2
BIDU,BAIDU INC - SPON ADR,2021-06-01 00:00:00-04:00,2021,2,6,203.89999389648438,200.7100067138672,209.1699981689453,182.60000610351562,95806400,278228356,56730760090.22888,56.730760090228884,,,,,,,,12.593607,12.434625,0.35905644,0.17045903,,,,70.07256229420713,Communication Services,Internet Content & Information,China,35900,2021-Q2
BIDU,BAIDU INC - SPON ADR,2021-07-01 00:00:00-04:00,2021,3,7,164.00999450683594,203.91000366210938,205.41000366210938,153.13999938964844,110911800,278228356,45632231139.20599,45.63223113920599,,,,,,,,12.593607,12.434625,0.35905644,0.17045903,,,,37.36180268916345,Communication Services,Internet Content & Information,China,35900,2021-Q3
BIDU,BAIDU INC - SPON ADR,2021-08-01 00:00:00-04:00,2021,3,8,157.02000427246094,166.0,169.0,135.88999938964844,114753300,278228356,43687417647.83978,43.68741764783978,,,,,,,,12.593607,12.434625,0.35905644,0.17045903,,,,26.04961439924045,Communication Services,Internet Content & Information,China,35900,2021-Q3
BIDU,BAIDU INC - SPON ADR,2021-09-01 00:00:00-04:00,2021,3,9,153.75,158.8800048828125,169.8000030517578,151.75,90618100,278228356,42777609735.0,42.777609735,,,,,,,,12.593607,12.434625,0.35905644,0.17045903,,,,21.455094752996608,Communication Services,Internet Content & Information,China,35900,2021-Q3
BIDU,BAIDU INC - SPON ADR,2021-10-01 00:00:00-04:00,2021,4,10,162.24000549316406,153.58999633789062,182.60000610351562,144.50999450683594,77990900,278228356,45139770005.79401,45.139770005794006,,,,,,,,12.593607,12.434625,0.35905644,0.17045903,,,,21.93912196307959,Communication Services,Internet Content & Information,China,35900,2021-Q4
BIDU,BAIDU INC - SPON ADR,2021-11-01 00:00:00-04:00,2021,4,11,149.83999633789062,162.5399932861328,173.60000610351562,146.88999938964844,75462700,278228356,41689735844.13733,41.68973584413733,,,,,,,,12.593607,12.434625,0.35905644,0.17045903,,,,7.80631010570052,Communication Services,Internet Content & Information,China,35900,2021-Q4
BIDU,BAIDU INC - SPON ADR,2021-12-01 00:00:00-05:00,2021,4,12,148.7899932861328,150.66000366210938,154.27999877929688,132.13999938964844,84705800,278228356,41397595221.25177,41.39759522125177,,,,,,,,12.593607,12.434625,0.35905644,0.17045903,,,,-31.192198711428322,Communication Services,Internet Content & Information,China,35900,2021-Q4
BIDU,BAIDU INC - SPON ADR,2022-01-01 00:00:00-05:00,2022,1,1,159.74000549316406,148.91000366210938,165.02000427246094,139.10000610351562,69955400,278228356,44444199115.79401,44.44419911579401,,,,,,,,12.593607,12.434625,0.35905644,0.17045903,,,,-32.03131538199789,Communication Services,Internet Content & Information,China,35900,2022-Q1
BIDU,BAIDU INC - SPON ADR,2022-02-01 00:00:00-05:00,2022,1,2,152.44000244140625,158.8800048828125,171.8699951171875,137.07000732421875,51085900,278228356,42413131267.90845,42.41313126790845,,,,,,,,12.593607,12.434625,0.35905644,0.17045903,,,,-46.221686644774884,Communication Services,Internet Content & Information,China,35900,2022-Q1
BIDU,BAIDU INC - SPON ADR,2022-03-01 00:00:00-05:00,2022,1,3,132.3000030517578,160.8699951171875,170.35000610351562,102.18000030517578,147453200,278228356,36809612347.88556,36.80961234788556,,,,,,,,12.593607,12.434625,0.35905644,0.17045903,,,,-39.186393382728646,Communication Services,Internet Content & Information,China,35900,2022-Q1
BIDU,BAIDU INC - SPON ADR,2022-04-01 00:00:00-04:00,2022,2,4,124.16999816894531,144.00999450683594,154.2899932861328,110.30000305175781,71580600,278228356,34547614455.068665,34.54761445506866,,,,,,,,12.593607,12.434625,0.35905644,0.17045903,,,,-40.96420050018183,Communication Services,Internet Content & Information,China,35900,2022-Q2
BIDU,BAIDU INC - SPON ADR,2022-05-01 00:00:00-04:00,2022,2,5,140.35000610351562,123.01000213623047,146.99000549316406,101.62000274658203,69765000,278228356,39049351462.77112,39.04935146277112,,,,,,,,12.593607,12.434625,0.35905644,0.17045903,,,,-28.491362384298657,Communication Services,Internet Content & Information,China,35900,2022-Q2
BIDU,BAIDU INC - SPON ADR,2022-06-01 00:00:00-04:00,2022,2,6,148.72999572753906,141.80999755859375,156.77000427246094,130.50999450683594,72292400,278228356,41380902199.16022,41.38090219916022,,,,,,,,12.593607,12.434625,0.35905644,0.17045903,,,,-27.05738098106758,Communication Services,Internet Content & Information,China,35900,2022-Q2
BIDU,BAIDU INC - SPON ADR,2022-07-01 00:00:00-04:00,2022,3,7,136.57000732421875,148.08999633789062,156.69000244140625,131.0500030517578,41560400,278228356,37997648616.72534,37.99764861672534,,,,,,,,12.593607,12.434625,0.35905644,0.17045903,,,,-16.730679898579893,Communication Services,Internet Content & Information,China,35900,2022-Q3
BIDU,BAIDU INC - SPON ADR,2022-08-01 00:00:00-04:00,2022,3,8,143.97000122070312,133.0399932861328,155.47999572753906,127.05000305175781,58808400,278228356,40056536752.95422,40.05653675295422,,,,,,,,12.593607,12.434625,0.35905644,0.17045903,,,,-8.311044896619324,Communication Services,Internet Content & Information,China,35900,2022-Q3
BIDU,BAIDU INC - SPON ADR,2022-09-01 00:00:00-04:00,2022,3,9,117.48999786376953,144.14999389648438,145.91000366210938,115.16000366210938,47405000,278228356,32689048952.08011,32.68904895208011,,,,,,,,12.593607,12.434625,0.35905644,0.17045903,,,,-23.583741226816567,Communication Services,Internet Content & Information,China,35900,2022-Q3
BIDU,BAIDU INC - SPON ADR,2022-10-01 00:00:00-04:00,2022,4,10,76.56999969482422,117.19999694824219,125.2300033569336,73.58000183105469,83461900,278228356,21303945134.011444,21.303945134011443,,,,,,,,12.593607,12.434625,0.35905644,0.17045903,,,,-52.80448896554649,Communication Services,Internet Content & Information,China,35900,2022-Q4
BIDU,BAIDU INC - SPON ADR,2022-11-01 00:00:00-04:00,2022,4,11,108.5999984741211,81.72000122070312,109.87999725341797,75.75,76125300,278228356,30215599037.05722,30.21559903705722,,,,,,,,12.593607,12.434625,0.35905644,0.17045903,,,,-27.52269011724543,Communication Services,Internet Content & Information,China,35900,2022-Q4
BIDU,BAIDU INC - SPON ADR,2022-12-01 00:00:00-05:00,2022,4,12,114.37999725341797,107.5,124.11000061035156,106.58000183105469,71522700,278228356,31823758595.102997,31.823758595102998,,,,,,,,12.593607,12.434625,0.35905644,0.17045903,,,,-23.12655258108802,Communication Services,Internet Content & Information,China,35900,2022-Q4
BIDU,BAIDU INC - SPON ADR,2023-01-01 00:00:00-05:00,2023,1,1,134.67999267578125,118.86000061035156,142.41000366210938,118.04000091552734,54782000,278228356,37471792948.27466,37.47179294827466,,,,,,,,12.593607,12.434625,0.35905644,0.17045903,,,,-15.688000473028174,Communication Services,Internet Content & Information,China,35900,2023-Q1
BIDU,BAIDU INC - SPON ADR,2023-02-01 00:00:00-05:00,2023,1,2,137.69000244140625,145.0500030517578,160.8800048828125,130.99000549316406,105635800,278228356,38309263016.90845,38.309263016908446,,,,,,,,12.593607,12.434625,0.35905644,0.17045903,,,,-9.67593791903113,Communication Services,Internet Content & Information,China,35900,2023-Q1
BIDU,BAIDU INC - SPON ADR,2023-03-01 00:00:00-05:00,2023,1,3,150.9199981689453,145.74000549316406,160.52999877929688,126.33000183105469,88566200,278228356,41990222978.068665,41.990222978068665,,,,,,,,12.593607,12.434625,0.35905644,0.17045903,,,,14.07407005871577,Communication Services,Internet Content & Information,China,35900,2023-Q1
BIDU,BAIDU INC - SPON ADR,2023-04-01 00:00:00-04:00,2023,2,4,120.61000061035156,150.0,151.08999633789062,116.37000274658203,46989400,278228356,33557122186.97711,33.55712218697711,,,,,,,,12.593607,12.434625,0.35905644,0.17045903,,,,-2.8670352026179735,Communication Services,Internet Content & Information,China,35900,2023-Q2
BIDU,BAIDU INC - SPON ADR,2023-05-01 00:00:00-04:00,2023,2,5,122.8499984741211,120.33000183105469,134.49000549316406,115.73999786376953,64506500,278228356,34180353110.05722,34.18035311005722,,,,,,,,12.593607,12.434625,0.35905644,0.17045903,,,,-12.468832823909782,Communication Services,Internet Content & Information,China,35900,2023-Q2
BIDU,BAIDU INC - SPON ADR,2023-06-01 00:00:00-04:00,2023,2,6,136.91000366210938,124.75,151.0,124.6500015258789,48236400,278228356,38092245238.86267,38.092245238862674,,,,,,,,12.593607,12.434625,0.35905644,0.17045903,,,,-7.947281923602634,Communication Services,Internet Content & Information,China,35900,2023-Q2
BIDU,BAIDU INC - SPON ADR,2023-07-01 00:00:00-04:00,2023,3,7,155.99000549316406,142.14999389648438,156.97999572753906,137.4199981689453,38299000,278228356,43400842780.79401,43.40084278079401,,,,,,,,12.593607,12.434625,0.35905644,0.17045903,,,,14.219811911441148,Communication Services,Internet Content & Information,China,35900,2023-Q3
BIDU,BAIDU INC - SPON ADR,2023-08-01 00:00:00-04:00,2023,3,8,142.8300018310547,154.00999450683594,154.4199981689453,123.16999816894531,53313100,278228356,39739356596.931335,39.73935659693134,,,,,,,,12.593607,12.434625,0.35905644,0.17045903,,,,-0.7918312009325024,Communication Services,Internet Content & Information,China,35900,2023-Q3
BIDU,BAIDU INC - SPON ADR,2023-09-01 00:00:00-04:00,2023,3,9,134.35000610351562,145.4499969482422,151.0,126.7699966430664,29200300,278228356,37379981326.77112,37.379981326771116,,,,,,,,12.593607,12.434625,0.35905644,0.17045903,,,,14.350164734274129,Communication Services,Internet Content & Information,China,35900,2023-Q3
BIDU,BAIDU INC - SPON ADR,2023-10-01 00:00:00-04:00,2023,4,10,105.0,133.32000732421875,135.85000610351562,103.37000274658203,52669700,278228356,29213977380.0,29.21397738,,,,,,,,12.593607,12.434625,0.35905644,0.17045903,,,,37.12942460295912,Communication Services,Internet Content & Information,China,35900,2023-Q4
BIDU,BAIDU INC - SPON ADR,2023-11-01 00:00:00-04:00,2023,4,11,118.66000366210938,104.08000183105469,126.2300033569336,103.31999969482422,64741100,278228356,33014577741.86267,33.014577741862674,,,,,,,,12.593607,12.434625,0.35905644,0.17045903,,,,9.263356656847034,Communication Services,Internet Content & Information,China,35900,2023-Q4
BIDU,BAIDU INC - SPON ADR,2023-12-01 00:00:00-05:00,2023,4,12,119.08999633789062,116.19999694824219,120.25,109.52999877929688,50736900,278228356,33134213897.13733,33.13421389713733,,,,,,,,12.593607,12.434625,0.35905644,0.17045903,,,,4.117852069918548,Communication Services,Internet Content & Information,China,35900,2023-Q4
BIDU,BAIDU INC - SPON ADR,2024-01-01 00:00:00-05:00,2024,1,1,105.30999755859375,116.88999938964844,119.75,97.51000213623047,73091100,278228356,29300227491.091553,29.30022749109155,,,,,,,,12.593607,12.434625,0.35905644,0.17045903,,,,-21.80724436768472,Communication Services,Internet Content & Information,China,35900,2024-Q1
BIDU,BAIDU INC - SPON ADR,2024-02-01 00:00:00-05:00,2024,1,2,101.33000183105469,106.31999969482422,114.11000061035156,100.8499984741211,68583700,278228356,28192879822.931335,28.192879822931335,,,,,,,,12.593607,12.434625,0.35905644,0.17045903,,,,-26.407146463538268,Communication Services,Internet Content & Information,China,35900,2024-Q1
BIDU,BAIDU INC - SPON ADR,2024-03-01 00:00:00-05:00,2024,1,3,105.27999877929688,102.5,111.0199966430664,96.58000183105469,70231100,278228356,29291880980.045776,29.291880980045775,,,,,,,,12.593607,12.434625,0.35905644,0.17045903,,,,-30.241187346528697,Communication Services,Internet Content & Information,China,35900,2024-Q1
BIDU,BAIDU INC - SPON ADR,2024-04-01 00:00:00-04:00,2024,2,4,103.4000015258789,107.0,109.91000366210938,94.25,71407700,278228356,28768812434.94278,28.76881243494278,33931000000.0,33931.0,17533000000.0,5488000000.0,5944000000.0,7457000000.0,0.21196555093382732,12.593607,12.434625,0.35905644,0.17045903,,,,-14.269131081486442,Communication Services,Internet Content & Information,China,35900,2024-Q2
BIDU,BAIDU INC - SPON ADR,2024-05-01 00:00:00-04:00,2024,2,5,97.19999694824219,103.5,115.38999938964844,96.54000091552734,76327100,278228356,27043795354.11444,27.04379535411444,33931000000.0,33931.0,17533000000.0,5488000000.0,5944000000.0,7457000000.0,0.19925580850928679,12.593607,12.434625,0.35905644,0.17045903,,0.0,,-20.879122380520176,Communication Services,Internet Content & Information,China,35900,2024-Q2
BIDU,BAIDU INC - SPON ADR,2024-06-01 00:00:00-04:00,2024,2,6,86.4800033569336,97.56999969482422,97.95999908447266,86.43000030517578,53963800,278228356,24061189160.874115,24.061189160874115,33931000000.0,33931.0,17533000000.0,5488000000.0,5944000000.0,7457000000.0,0.17728028322827294,12.593607,12.434625,0.35905644,0.17045903,,0.0,,-36.83441600778554,Communication Services,Internet Content & Information,China,35900,2024-Q2
BIDU,BAIDU INC - SPON ADR,2024-07-01 00:00:00-04:00,2024,3,7,88.56999969482422,86.61000061035156,104.69999694824219,85.08000183105469,100366500,278228356,24642685406.011444,24.642685406011445,33557000000.0,33557.0,17158000000.0,7632000000.0,5925000000.0,9273000000.0,0.18358826329835387,12.593607,12.434625,0.35905644,0.17045903,,-1.1022368925171722,,-43.2207214719884,Communication Services,Internet Content & Information,China,35900,2024-Q3
BIDU,BAIDU INC - SPON ADR,2024-08-01 00:00:00-04:00,2024,3,8,84.62000274658203,88.4000015258789,90.44999694824219,79.68000030517578,64982000,278228356,23543684248.897003,23.543684248897,33557000000.0,33557.0,17158000000.0,7632000000.0,5925000000.0,9273000000.0,0.17540069321525317,12.593607,12.434625,0.35905644,0.17045903,,0.0,-1.1022368925171722,-40.754742237786914,Communication Services,Internet Content & Information,China,35900,2024-Q3
BIDU,BAIDU INC - SPON ADR,2024-09-01 00:00:00-04:00,2024,3,9,105.29000091552734,82.66999816894531,111.05000305175781,80.80999755859375,74652700,278228356,29294663857.965668,29.294663857965666,33557000000.0,33557.0,17158000000.0,7632000000.0,5925000000.0,9273000000.0,0.218245551285616,12.593607,12.434625,0.35905644,0.17045903,,0.0,-1.1022368925171722,-21.630073589723374,Communication Services,Internet Content & Information,China,35900,2024-Q3
BIDU,BAIDU INC - SPON ADR,2024-10-01 00:00:00-04:00,2024,4,10,91.2300033569336,105.75,116.25,88.58000183105469,116604400,278228356,25382773851.874115,25.382773851874116,34124000000.0,34124.0,16110000000.0,5192000000.0,3917000000.0,7220000000.0,0.18595983656571705,12.593607,12.434625,0.35905644,0.17045903,,1.6896623655273224,0.5688013910583267,-13.1142825172061,Communication Services,Internet Content & Information,China,35900,2024-Q4
BIDU,BAIDU INC - SPON ADR,2024-11-01 00:00:00-04:00,2024,4,11,85.05000305175781,91.0199966430664,94.56999969482422,78.94999694824219,67986400,278228356,23663322526.88556,23.66332252688556,34124000000.0,34124.0,16110000000.0,5192000000.0,3917000000.0,7220000000.0,0.17336275441687346,12.593607,12.434625,0.35905644,0.17045903,,0.0,1.6896623655273224,-28.324624619141105,Communication Services,Internet Content & Information,China,35900,2024-Q4
BIDU,BAIDU INC - SPON ADR,2024-12-01 00:00:00-05:00,2024,4,12,84.30999755859375,85.05999755859375,95.5199966430664,83.6500015258789,55244600,278228356,23457432015.091553,23.457432015091552,34124000000.0,34124.0,16110000000.0,5192000000.0,3917000000.0,7220000000.0,0.1718543548169291,12.593607,12.434625,0.35905644,0.17045903,,0.0,1.6896623655273224,-29.204802963144427,Communication Services,Internet Content & Information,China,35900,2024-Q4
BIDU,BAIDU INC - SPON ADR,2025-01-01 00:00:00-05:00,2025,1,1,90.5999984741211,83.16999816894531,96.18000030517578,77.19000244140625,74558800,278228356,25207488629.05722,25.20748862905722,32452000000.0,32452.0,14965000000.0,7717000000.0,4508000000.0,9796000000.0,0.19419056320917988,12.593607,12.434625,0.35905644,0.17045903,,-4.899777282850781,-3.2929046100664494,-13.96828356803267,Communication Services,Internet Content & Information,China,35900,2025-Q1
BIDU,BAIDU INC - SPON ADR,2025-02-01 00:00:00-05:00,2025,1,2,86.44999694824219,86.83000183105469,100.63999938964844,84.9800033569336,133373400,278228356,24052840527.11444,24.05284052711444,32452000000.0,32452.0,14965000000.0,7717000000.0,4508000000.0,9796000000.0,0.18529551743432177,12.593607,12.434625,0.35905644,0.17045903,,0.0,-4.899777282850781,-14.68469812881441,Communication Services,Internet Content & Information,China,35900,2025-Q1
BIDU,BAIDU INC - SPON ADR,2025-03-01 00:00:00-05:00,2025,1,3,92.02999877929688,86.33000183105469,105.19000244140625,83.8499984741211,117292300,278228356,25605355263.045776,25.605355263045777,32452000000.0,32452.0,14965000000.0,7717000000.0,4508000000.0,9796000000.0,0.19725560260573907,12.593607,12.434625,0.35905644,0.17045903,,0.0,-4.899777282850781,-12.58548646811496,Communication Services,Internet Content & Information,China,35900,2025-Q1
BIDU,BAIDU INC - SPON ADR,2025-04-01 00:00:00-04:00,2025,2,4,87.81999969482422,91.0999984741211,92.70999908447266,74.70999908447266,99277000,278228356,24434014139.011444,24.434014139011445,32713000000.0,32713.0,14356000000.0,7322000000.0,3277000000.0,8841000000.0,0.1867301542124801,12.593607,12.434625,0.35905644,0.17045903,,0.8042647602613195,-4.134919704606732,-15.067699807678759,Communication Services,Internet Content & Information,China,35900,2025-Q2
BIDU,BAIDU INC - SPON ADR,2025-05-01 00:00:00-04:00,2025,2,5,81.9000015258789,88.58999633789062,95.1500015258789,81.16999816894531,77901700,278228356,22786902780.94278,22.78690278094278,32713000000.0,32713.0,14356000000.0,7322000000.0,3277000000.0,8841000000.0,0.17414256397260094,12.593607,12.434625,0.35905644,0.17045903,,0.0,0.8042647602613195,-15.740736525444898,Communication Services,Internet Content & Information,China,35900,2025-Q2
BIDU,BAIDU INC - SPON ADR,2025-06-01 00:00:00-04:00,2025,2,6,85.76000213623047,82.98999786376953,89.05000305175781,82.38999938964844,44448700,278228356,23860864404.91989,23.86086440491989,32713000000.0,32713.0,14356000000.0,7322000000.0,3277000000.0,8841000000.0,0.18235001685048674,12.593607,12.434625,0.35905644,0.17045903,,0.0,0.8042647602613195,-0.8325638214090048,Communication Services,Internet Content & Information,China,35900,2025-Q2
BIDU,BAIDU INC - SPON ADR,2025-07-01 00:00:00-04:00,2025,3,7,87.87000274658203,85.68000030517578,94.5,84.81999969482422,93696000,278228356,24447926405.897003,24.447926405897004,,,,,,,,12.593607,12.434625,0.35905644,0.17045903,,0.0,0.8042647602613195,-0.7903318851237295,Communication Services,Internet Content & Information,China,35900,2025-Q3
BIDU,BAIDU INC - SPON ADR,2025-08-01 00:00:00-04:00,2025,3,8,95.30000305175781,86.66000366210938,96.27999877929688,84.63999938964844,91132600,278228356,26515163175.88556,26.515163175885558,,,,,,,,12.593607,12.434625,0.35905644,0.17045903,,0.0,0.0,12.621129707546807,Communication Services,Internet Content & Information,China,35900,2025-Q3
BIDU,BAIDU INC - SPON ADR,2025-09-01 00:00:00-04:00,2025,3,9,131.77000427246094,92.61000061035156,141.60000610351562,92.55999755859375,167745600,278228356,36662151658.83978,36.66215165883978,,,,,,,,12.593607,12.434625,0.35905644,0.17045903,,0.0,0.0,25.14958982494275,Communication Services,Internet Content & Information,China,35900,2025-Q3
BIDU,BAIDU INC - SPON ADR,2025-10-01 00:00:00-04:00,2025,4,10,137.89999389648438,131.75,149.50999450683594,131.6999969482422,33267617,278228356,38367688594.22888,38.36768859422888,,,,,,,,12.593607,12.434625,0.35905644,0.17045903,,0.0,0.0,51.156405592748236,Communication Services,Internet Content & Information,China,35900,2025-Q4
