ticker,company_name,date,year,quarter,month,close_price,open_price,high_price,low_price,volume,shares_outstanding,market_cap,market_cap_billions,revenue,revenue_millions,gross_profit,net_income,operating_income,ebitda,ps_ratio,current_pe,forward_pe,current_ps,current_pb,peg_ratio,revenue_qoq_pct,revenue_yoy_pct,market_cap_yoy_pct,sector,industry,country,employees,year_quarter
CGNX,COGNEX CORP,2015-01-01 00:00:00-05:00,2015,1,1,16.926712036132812,19.179000785124494,19.372449836327828,16.636539337835053,18785800,167899010,2841978193.4217834,2.8419781934217836,,,,,,,,67.15277,50.364582,8.733121,5.390189,,,,,Technology,Scientific & Technical Instruments,United States,2914,2015-Q1
CGNX,COGNEX CORP,2015-02-01 00:00:00-05:00,2015,1,2,20.583803176879883,17.00501228357947,20.666709665297233,16.701022411720707,25688400,167899010,3456000175.432987,3.456000175432987,,,,,,,,67.15277,50.364582,8.733121,5.390189,,,,,Technology,Scientific & Technical Instruments,United States,2914,2015-Q1
CGNX,COGNEX CORP,2015-03-01 00:00:00-05:00,2015,1,3,22.840702056884766,20.63907818888211,23.149297106460292,20.63447129610394,26188200,167899010,3834931263.055916,3.834931263055916,,,,,,,,67.15277,50.364582,8.733121,5.390189,,,,,Technology,Scientific & Technical Instruments,United States,2914,2015-Q1
CGNX,COGNEX CORP,2015-04-01 00:00:00-04:00,2015,2,4,20.67592430114746,22.817672593785282,24.171809147089178,20.652895108573727,19963600,167899010,3471467220.9976006,3.4714672209976007,,,,,,,,67.15277,50.364582,8.733121,5.390189,,,,,Technology,Scientific & Technical Instruments,United States,2914,2015-Q2
CGNX,COGNEX CORP,2015-05-01 00:00:00-04:00,2015,2,5,23.246017456054688,20.694344088230793,23.5638244648358,20.65749598210373,25849200,167899010,3902983317.3143005,3.9029833173143005,,,,,,,,67.15277,50.364582,8.733121,5.390189,,,,,Technology,Scientific & Technical Instruments,United States,2914,2015-Q2
CGNX,COGNEX CORP,2015-06-01 00:00:00-04:00,2015,2,6,22.1544189453125,23.453284987863466,23.9276947530609,21.698434992616225,46377600,167899010,3719705008.043213,3.719705008043213,,,,,,,,67.15277,50.364582,8.733121,5.390189,,,,,Technology,Scientific & Technical Instruments,United States,2914,2015-Q2
CGNX,COGNEX CORP,2015-07-01 00:00:00-04:00,2015,3,7,20.879989624023438,22.355933561540763,22.480466512713292,20.368021411245884,25300400,167899010,3505729586.6838074,3.5057295866838074,,,,,,,,67.15277,50.364582,8.733121,5.390189,,,,,Technology,Scientific & Technical Instruments,United States,2914,2015-Q3
CGNX,COGNEX CORP,2015-08-01 00:00:00-04:00,2015,3,8,16.401424407958984,20.87537717961219,20.87537717961219,14.92086710011791,51355200,167899010,2753782920.6861496,2.7537829206861497,,,,,,,,67.15277,50.364582,8.733121,5.390189,,,,,Technology,Scientific & Technical Instruments,United States,2914,2015-Q3
CGNX,COGNEX CORP,2015-09-01 00:00:00-04:00,2015,3,9,15.852553367614746,16.083169513385243,18.0065090840312,15.280626311402386,27170200,167899010,2661628016.394682,2.661628016394682,,,,,,,,67.15277,50.364582,8.733121,5.390189,,,,,Technology,Scientific & Technical Instruments,United States,2914,2015-Q3
CGNX,COGNEX CORP,2015-10-01 00:00:00-04:00,2015,4,10,17.37784194946289,15.898878027600226,17.461033890450672,15.67241068534147,20402200,167899010,2917722459.2512894,2.9177224592512894,,,,,,,,67.15277,50.364582,8.733121,5.390189,,,,,Technology,Scientific & Technical Instruments,United States,2914,2015-Q4
CGNX,COGNEX CORP,2015-11-01 00:00:00-04:00,2015,4,11,17.14675521850586,17.405574810548327,17.590446199587834,14.97452609414489,25249600,167899010,2878923225.8994675,2.8789232258994675,,,,,,,,67.15277,50.364582,8.733121,5.390189,,,,,Technology,Scientific & Technical Instruments,United States,2914,2015-Q4
CGNX,COGNEX CORP,2015-12-01 00:00:00-05:00,2015,4,12,15.607707977294922,17.174486769110924,17.359358161523215,15.464432560022187,20258000,167899010,2620518717.75692,2.62051871775692,,,,,,,,67.15277,50.364582,8.733121,5.390189,,,,,Technology,Scientific & Technical Instruments,United States,2914,2015-Q4
CGNX,COGNEX CORP,2016-01-01 00:00:00-05:00,2016,1,1,14.933889389038086,15.299712219727208,15.508092424958852,12.97048822341249,25552200,167899010,2507385243.8689995,2.5073852438689994,,,,,,,,67.15277,50.364582,8.733121,5.390189,,,,-11.773241270015845,Technology,Scientific & Technical Instruments,United States,2914,2016-Q1
CGNX,COGNEX CORP,2016-02-01 00:00:00-05:00,2016,1,2,17.138090133666992,14.785713267102023,17.429822518950118,13.637308576103424,21095600,167899010,2877468366.7334557,2.8774683667334555,,,,,,,,67.15277,50.364582,8.733121,5.390189,,,,-16.739924170491392,Technology,Scientific & Technical Instruments,United States,2914,2016-Q1
CGNX,COGNEX CORP,2016-03-01 00:00:00-05:00,2016,1,3,18.036436080932617,17.337204849129755,19.254301170244236,16.925076048384344,19475800,167899010,3028299761.9168663,3.028299761916866,,,,,,,,67.15277,50.364582,8.733121,5.390189,,,,-21.03379293678068,Technology,Scientific & Technical Instruments,United States,2914,2016-Q1
CGNX,COGNEX CORP,2016-04-01 00:00:00-04:00,2016,2,4,16.48279571533203,18.055457390942177,18.32916559024523,16.399291398955903,16373200,167899010,2767445082.63649,2.76744508263649,,,,,,,,67.15277,50.364582,8.733121,5.390189,,,,-20.280247328931857,Technology,Scientific & Technical Instruments,United States,2914,2016-Q2
CGNX,COGNEX CORP,2016-05-01 00:00:00-04:00,2016,2,5,19.980709075927734,16.482808778903006,20.208026955043902,16.306523322111875,20978800,167899010,3354741272.9462814,3.3547412729462813,,,,,,,,67.15277,50.364582,8.733121,5.390189,,,,-14.046743216552414,Technology,Scientific & Technical Instruments,United States,2914,2016-Q2
CGNX,COGNEX CORP,2016-06-01 00:00:00-04:00,2016,2,6,19.99462127685547,19.93431394643446,20.98275506302796,17.958046374089488,15761800,167899010,3357077117.708969,3.357077117708969,,,,,,,,67.15277,50.364582,8.733121,5.390189,,,,-9.748834640115934,Technology,Scientific & Technical Instruments,United States,2914,2016-Q2
CGNX,COGNEX CORP,2016-07-01 00:00:00-04:00,2016,3,7,20.991472244262695,19.955143366840794,21.079770476204256,19.485775366117867,10229000,167899010,3524447408.2541847,3.5244474082541846,,,,,,,,67.15277,50.364582,8.733121,5.390189,,,,0.533920860338899,Technology,Scientific & Technical Instruments,United States,2914,2016-Q3
CGNX,COGNEX CORP,2016-08-01 00:00:00-04:00,2016,3,8,23.12454605102539,21.079772073358363,24.8393698907153,20.875293434651105,22260000,167899010,3882588388.6665726,3.8825883886665724,,,,,,,,67.15277,50.364582,8.733121,5.390189,,,,40.99108391954014,Technology,Scientific & Technical Instruments,United States,2914,2016-Q3
CGNX,COGNEX CORP,2016-09-01 00:00:00-04:00,2016,3,9,24.602027893066406,23.201116889307738,24.881278347581798,21.991029219166265,14634400,167899010,4130656127.2382355,4.130656127238235,,,,,,,,67.15277,50.364582,8.733121,5.390189,,,,55.192840689790714,Technology,Scientific & Technical Instruments,United States,2914,2016-Q3
CGNX,COGNEX CORP,2016-10-01 00:00:00-04:00,2016,4,10,24.01559829711914,24.6066801136449,25.490976136101292,23.680498122915132,16089600,167899010,4032195178.6439896,4.032195178643989,,,,,,,,67.15277,50.364582,8.733121,5.390189,,,,38.196666576665514,Technology,Scientific & Technical Instruments,United States,2914,2016-Q4
CGNX,COGNEX CORP,2016-11-01 00:00:00-04:00,2016,4,11,27.790142059326172,25.667834541548054,28.62324171585865,23.121994425674437,26444200,167899010,4665937339.520226,4.665937339520226,,,,,,,,67.15277,50.364582,8.733121,5.390189,,,,62.072308755730646,Technology,Scientific & Technical Instruments,United States,2914,2016-Q4
CGNX,COGNEX CORP,2016-12-01 00:00:00-05:00,2016,4,12,29.646780014038086,27.96452764461848,30.732553981089726,26.757593252143735,25814600,167899010,4977665014.044781,4.9776650140447805,,,,,,,,67.15277,50.364582,8.733121,5.390189,,,,89.9496073168866,Technology,Scientific & Technical Instruments,United States,2914,2016-Q4
CGNX,COGNEX CORP,2017-01-01 00:00:00-05:00,2017,1,1,31.482807159423828,29.55357674002671,31.66920697229829,29.059620257898,18926600,167899010,5285932154.088173,5.285932154088173,,,,,,,,67.15277,50.364582,8.733121,5.390189,,,,110.81451950844858,Technology,Scientific & Technical Instruments,United States,2914,2017-Q1
CGNX,COGNEX CORP,2017-02-01 00:00:00-05:00,2017,1,2,35.79328155517578,31.68784302974679,36.7672185793946,31.33834476103635,25000600,167899010,6009656537.765274,6.009656537765274,,,,,,,,67.15277,50.364582,8.733121,5.390189,,,,108.85221909798175,Technology,Scientific & Technical Instruments,United States,2914,2017-Q1
CGNX,COGNEX CORP,2017-03-01 00:00:00-05:00,2017,1,3,39.120513916015625,36.38044812994667,39.42807417077168,36.040268171378415,31560800,167899010,6568295557.190247,6.568295557190247,,,,,,,,67.15277,50.364582,8.733121,5.390189,,,,116.89713943749803,Technology,Scientific & Technical Instruments,United States,2914,2017-Q1
CGNX,COGNEX CORP,2017-04-01 00:00:00-04:00,2017,2,4,39.80711364746094,39.74181048536277,40.525451989296236,37.069035691437215,27323600,167899010,6683574972.36618,6.683574972366181,,,,,,,,67.15277,50.364582,8.733121,5.390189,,,,141.5070497441948,Technology,Scientific & Technical Instruments,United States,2914,2017-Q2
CGNX,COGNEX CORP,2017-05-01 00:00:00-04:00,2017,2,5,42.68512725830078,40.39950619158243,43.95388035127529,39.25669743760076,36828400,167899010,7166790608.392715,7.1667906083927155,,,,,,,,67.15277,50.364582,8.733121,5.390189,,,,113.63169393085637,Technology,Scientific & Technical Instruments,United States,2914,2017-Q2
CGNX,COGNEX CORP,2017-06-01 00:00:00-04:00,2017,2,6,39.63813400268555,42.96231910847166,45.7495947754844,39.5354197775942,36512600,167899010,6655203457.298241,6.65520345729824,,,,,,,,67.15277,50.364582,8.733121,5.390189,,,,98.24398498894394,Technology,Scientific & Technical Instruments,United States,2914,2017-Q2
CGNX,COGNEX CORP,2017-07-01 00:00:00-04:00,2017,3,7,44.38163757324219,39.95561458374878,45.081957982137936,39.432707396114985,28663000,167899010,7451633010.726166,7.451633010726166,,,,,,,,67.15277,50.364582,8.733121,5.390189,,,,111.42698833509593,Technology,Scientific & Technical Instruments,United States,2914,2017-Q3
CGNX,COGNEX CORP,2017-08-01 00:00:00-04:00,2017,3,8,50.875946044921875,48.96640379630178,51.67898071796423,46.37055050978121,45739600,167899010,8542020973.755798,8.542020973755799,,,,,,,,67.15277,50.364582,8.733121,5.390189,,,,120.00840981985861,Technology,Scientific & Technical Instruments,United States,2914,2017-Q3
CGNX,COGNEX CORP,2017-09-01 00:00:00-04:00,2017,3,9,51.529701232910156,51.071786038780715,53.89872165743961,49.2868436633456,22549400,167899010,8651785822.601395,8.651785822601395,,,,,,,,67.15277,50.364582,8.733121,5.390189,,,,109.4530640192989,Technology,Scientific & Technical Instruments,United States,2914,2017-Q3
CGNX,COGNEX CORP,2017-10-01 00:00:00-04:00,2017,4,10,57.543373107910156,51.721283238984256,60.69272111453528,51.63717585293529,30634600,167899010,9661475376.878738,9.66147537687874,,,,,,,,67.15277,50.364582,8.733121,5.390189,,,,139.6083262052769,Technology,Scientific & Technical Instruments,United States,2914,2017-Q4
CGNX,COGNEX CORP,2017-11-01 00:00:00-04:00,2017,4,11,64.74857330322266,58.40781724118642,68.21098329058621,57.29573368428912,55437400,167899010,10871221356.523514,10.871221356523513,,,,,,,,67.15277,50.364582,8.733121,5.390189,,,,132.99115623445869,Technology,Scientific & Technical Instruments,United States,2914,2017-Q4
CGNX,COGNEX CORP,2017-12-01 00:00:00-05:00,2017,4,12,57.19295883178711,64.36077872595429,67.06800339217071,56.725390494847304,39586100,167899010,9602641166.827812,9.602641166827812,,,,,,,,67.15277,50.364582,8.733121,5.390189,,,,92.91457218863431,Technology,Scientific & Technical Instruments,United States,2914,2017-Q4
CGNX,COGNEX CORP,2018-01-01 00:00:00-05:00,2018,1,1,58.3244743347168,57.333231726735,65.45956827558983,56.92176930023987,30989100,167899010,9792621499.569359,9.792621499569359,,,,,,,,67.15277,50.364582,8.733121,5.390189,,,,85.25817611933752,Technology,Scientific & Technical Instruments,United States,2914,2018-Q1
CGNX,COGNEX CORP,2018-02-01 00:00:00-05:00,2018,1,2,50.226192474365234,57.82885502183118,59.44664112255829,48.627109536146726,54379300,167899010,8432927992.515373,8.432927992515372,,,,,,,,67.15277,50.364582,8.733121,5.390189,,,,40.3229608800773,Technology,Scientific & Technical Instruments,United States,2914,2018-Q1
CGNX,COGNEX CORP,2018-03-01 00:00:00-05:00,2018,1,3,48.617759704589844,50.0017616238887,53.72360534617822,47.355322990616784,43212700,167899010,8162873722.818527,8.162873722818528,,,,,,,,67.15277,50.364582,8.733121,5.390189,,,,24.276894237542535,Technology,Scientific & Technical Instruments,United States,2914,2018-Q1
CGNX,COGNEX CORP,2018-04-01 00:00:00-04:00,2018,2,4,43.286346435546875,48.42455431848412,48.6398157209762,42.21003585283116,46278000,167899010,7267734713.045349,7.267734713045349,,,,,,,,67.15277,50.364582,8.733121,5.390189,,,,8.74022874127136,Technology,Scientific & Technical Instruments,United States,2914,2018-Q2
CGNX,COGNEX CORP,2018-05-01 00:00:00-04:00,2018,2,5,42.780948638916016,37.43684051260319,46.468479714370844,37.34324983942381,49994900,167899010,7182878923.3348465,7.1828789233348465,,,,,,,,67.15277,50.364582,8.733121,5.390189,,,,0.22448423319765265,Technology,Scientific & Technical Instruments,United States,2914,2018-Q2
CGNX,COGNEX CORP,2018-06-01 00:00:00-04:00,2018,2,6,41.7903938293457,43.223687948835085,44.62887938318518,40.23531545160839,22635700,167899010,7016565751.4572525,7.016565751457253,,,,,,,,67.15277,50.364582,8.733121,5.390189,,,,5.429770802314593,Technology,Scientific & Technical Instruments,United States,2914,2018-Q2
CGNX,COGNEX CORP,2018-07-01 00:00:00-04:00,2018,3,7,49.44399642944336,41.584293711384,50.989708279405235,40.9660096861165,25457100,167899010,8301598050.947075,8.301598050947074,,,,,,,,67.15277,50.364582,8.733121,5.390189,,,,11.406426470512399,Technology,Scientific & Technical Instruments,United States,2914,2018-Q3
CGNX,COGNEX CORP,2018-08-01 00:00:00-04:00,2018,3,8,50.399532318115234,48.33858415595866,50.48384394754485,47.05517697338484,24311300,167899010,8462031580.674553,8.462031580674553,,,,,,,,67.15277,50.364582,8.733121,5.390189,,,,-0.9364223446301723,Technology,Scientific & Technical Instruments,United States,2914,2018-Q3
CGNX,COGNEX CORP,2018-09-01 00:00:00-04:00,2018,3,9,52.33688735961914,50.36792669684009,55.4872272813968,48.97089963775913,21447300,167899010,8787311574.161568,8.787311574161567,,,,,,,,67.15277,50.364582,8.733121,5.390189,,,,1.566448295635503,Technology,Scientific & Technical Instruments,United States,2914,2018-Q3
CGNX,COGNEX CORP,2018-10-01 00:00:00-04:00,2018,4,10,40.16682815551758,52.561914881856865,53.5839001447547,33.90365300656529,38365300,167899010,6743970682.151527,6.743970682151527,,,,,,,,67.15277,50.364582,8.733121,5.390189,,,,-30.197299904207252,Technology,Scientific & Technical Instruments,United States,2914,2018-Q4
CGNX,COGNEX CORP,2018-11-01 00:00:00-04:00,2018,4,11,41.273197174072266,40.58874886125112,44.71419118770702,36.82896678228702,30472500,167899010,6929728945.061531,6.929728945061531,,,,,,,,67.15277,50.364582,8.733121,5.390189,,,,-36.256206015865956,Technology,Scientific & Technical Instruments,United States,2914,2018-Q4
CGNX,COGNEX CORP,2018-12-01 00:00:00-05:00,2018,4,12,36.301002502441406,42.797072355551514,44.59944788272542,32.74318763934257,26582700,167899010,6094902382.167435,6.094902382167435,,,,,,,,67.15277,50.364582,8.733121,5.390189,,,,-36.528895787315385,Technology,Scientific & Technical Instruments,United States,2914,2018-Q4
CGNX,COGNEX CORP,2019-01-01 00:00:00-05:00,2019,1,1,42.71259307861328,35.40921017724591,43.003603243694386,33.41908238295358,26629400,167899010,7171402092.432022,7.1714020924320225,,,,,,,,67.15277,50.364582,8.733121,5.390189,,,,-26.76729011993987,Technology,Scientific & Technical Instruments,United States,2914,2019-Q1
CGNX,COGNEX CORP,2019-02-01 00:00:00-05:00,2019,1,2,50.128631591796875,42.571784667385366,50.92655779301911,42.39342566197174,28708400,167899010,8416547616.917419,8.41654761691742,,,,,,,,67.15277,50.364582,8.733121,5.390189,,,,-0.19424303886493854,Technology,Scientific & Technical Instruments,United States,2914,2019-Q1
CGNX,COGNEX CORP,2019-03-01 00:00:00-05:00,2019,1,3,47.788429260253906,50.588458666678356,51.65021595058695,45.824649801990624,22501300,167899010,8023629962.251663,8.023629962251663,,,,,,,,67.15277,50.364582,8.733121,5.390189,,,,-1.7058178932453871,Technology,Scientific & Technical Instruments,United States,2914,2019-Q1
CGNX,COGNEX CORP,2019-04-01 00:00:00-04:00,2019,2,4,47.384403228759766,48.63407925333165,53.84890338448178,42.25414749444127,28032900,167899010,7955794391.549568,7.955794391549568,,,,,,,,67.15277,50.364582,8.733121,5.390189,,,,9.467319676228335,Technology,Scientific & Technical Instruments,United States,2914,2019-Q2
CGNX,COGNEX CORP,2019-05-01 00:00:00-04:00,2019,2,5,38.1480598449707,46.86761914600921,48.248839617039714,38.1010801908014,26474800,167899010,6405021481.391335,6.405021481391334,,,,,,,,67.15277,50.364582,8.733121,5.390189,,,,-10.829326934865978,Technology,Scientific & Technical Instruments,United States,2914,2019-Q2
CGNX,COGNEX CORP,2019-06-01 00:00:00-04:00,2019,2,6,45.132041931152344,38.312381507587375,45.480078768743496,37.795028675866995,20407900,167899010,7577625159.518967,7.577625159518966,,,,,,,,67.15277,50.364582,8.733121,5.390189,,,,7.996211080116922,Technology,Scientific & Technical Instruments,United States,2914,2019-Q2
CGNX,COGNEX CORP,2019-07-01 00:00:00-04:00,2019,3,7,41.397682189941406,46.2137752278483,46.84400409228045,37.6068933907163,37121500,167899010,6950629855.985794,6.950629855985794,,,,,,,,67.15277,50.364582,8.733121,5.390189,,,,-16.27359198398142,Technology,Scientific & Technical Instruments,United States,2914,2019-Q3
CGNX,COGNEX CORP,2019-08-01 00:00:00-04:00,2019,3,8,42.40416717529297,41.3506449531591,43.147272050424505,37.813830602471114,21311500,167899010,7119617688.606186,7.119617688606186,,,,,,,,67.15277,50.364582,8.733121,5.390189,,,,-15.86396693595601,Technology,Scientific & Technical Instruments,United States,2914,2019-Q3
CGNX,COGNEX CORP,2019-09-01 00:00:00-04:00,2019,3,9,46.266666412353516,42.141935211487414,47.99942992563811,40.40917169820281,16689000,167899010,7768127486.634407,7.768127486634407,,,,,,,,67.15277,50.364582,8.733121,5.390189,,,,-11.59836064677614,Technology,Scientific & Technical Instruments,United States,2914,2019-Q3
CGNX,COGNEX CORP,2019-10-01 00:00:00-04:00,2019,4,10,48.48911666870117,46.65276375714611,50.984670057719896,43.4791678933651,18962000,167899010,8141274684.449425,8.141274684449424,,,,,,,,67.15277,50.364582,8.733121,5.390189,,,,20.719307187914925,Technology,Scientific & Technical Instruments,United States,2914,2019-Q4
CGNX,COGNEX CORP,2019-11-01 00:00:00-04:00,2019,4,11,47.255470275878906,48.81872402179918,51.615631226875145,46.17249174672611,17984800,167899010,7934146676.404495,7.934146676404495,,,,,,,,67.15277,50.364582,8.733121,5.390189,,,,14.494329277608497,Technology,Scientific & Technical Instruments,United States,2914,2019-Q4
CGNX,COGNEX CORP,2019-12-01 00:00:00-05:00,2019,4,12,52.83081817626953,47.55150522348758,53.75469713385123,45.72260242128443,18995900,167899010,8870242069.28566,8.87024206928566,,,,,,,,67.15277,50.364582,8.733121,5.390189,,,,45.53542473852181,Technology,Scientific & Technical Instruments,United States,2914,2019-Q4
CGNX,COGNEX CORP,2020-01-01 00:00:00-05:00,2020,1,1,48.051151275634766,53.207903611095894,55.75328603207248,47.68348560522881,17413600,167899010,8067740728.539314,8.067740728539315,,,,,,,,67.15277,50.364582,8.733121,5.390189,,,,12.498792070984255,Technology,Scientific & Technical Instruments,United States,2914,2020-Q1
CGNX,COGNEX CORP,2020-02-01 00:00:00-05:00,2020,1,2,41.9893684387207,48.626215905599764,52.78367222803856,39.679669682644835,23740500,167899010,7049973391.386452,7.049973391386452,,,,,,,,67.15277,50.364582,8.733121,5.390189,,,,-16.236755113036228,Technology,Scientific & Technical Instruments,United States,2914,2020-Q1
CGNX,COGNEX CORP,2020-03-01 00:00:00-05:00,2020,1,3,39.8491325378418,42.425828663882584,46.06907052723485,33.22334095638727,36821600,167899010,6690629902.462425,6.690629902462425,,,,,,,,67.15277,50.364582,8.733121,5.390189,,,,-16.61342891011339,Technology,Scientific & Technical Instruments,United States,2914,2020-Q1
CGNX,COGNEX CORP,2020-04-01 00:00:00-04:00,2020,2,4,52.13799285888672,38.35785542324881,55.280994443273514,37.82930459370862,24537500,167899010,8753917384.39415,8.75391738439415,,,,,,,,67.15277,50.364582,8.733121,5.390189,,,,10.031971083771673,Technology,Scientific & Technical Instruments,United States,2914,2020-Q2
CGNX,COGNEX CORP,2020-05-01 00:00:00-04:00,2020,2,5,53.55375289916992,50.929862036045144,60.67033960437537,48.928912166709,22571000,167899010,8991622093.55526,8.991622093555259,,,,,,,,67.15277,50.364582,8.733121,5.390189,,,,40.383949057451865,Technology,Scientific & Technical Instruments,United States,2914,2020-Q2
CGNX,COGNEX CORP,2020-06-01 00:00:00-04:00,2020,2,6,56.42333221435547,53.53224931863495,58.766430593505206,50.688409201604884,27306400,167899010,9473421619.691391,9.473421619691392,,,,,,,,67.15277,50.364582,8.733121,5.390189,,,,25.01834572525583,Technology,Scientific & Technical Instruments,United States,2914,2020-Q2
CGNX,COGNEX CORP,2020-07-01 00:00:00-04:00,2020,3,7,63.17863845825195,56.338300045010726,63.254216812339905,55.365155752739206,18309700,167899010,10607630850.28843,10.607630850288428,,,,,,,,67.15277,50.364582,8.733121,5.390189,,,,52.61395111053528,Technology,Scientific & Technical Instruments,United States,2914,2020-Q3
CGNX,COGNEX CORP,2020-08-01 00:00:00-04:00,2020,3,8,65.37056732177734,63.49041435933522,65.66345235658856,61.336276356206575,13994700,167899010,10975653536.464767,10.975653536464767,,,,,,,,67.15277,50.364582,8.733121,5.390189,,,,54.16071503431361,Technology,Scientific & Technical Instruments,United States,2914,2020-Q3
CGNX,COGNEX CORP,2020-09-01 00:00:00-04:00,2020,3,9,61.55712127685547,65.2354188161507,67.85467369992875,55.61889308120725,17052500,167899010,10335379720.83397,10.33537972083397,,,,,,,,67.15277,50.364582,8.733121,5.390189,,,,33.04853375046552,Technology,Scientific & Technical Instruments,United States,2914,2020-Q3
CGNX,COGNEX CORP,2020-10-01 00:00:00-04:00,2020,4,10,62.3135871887207,62.24739702201942,67.07930083377447,59.66596609229513,15390100,167899010,10462389598.53489,10.46238959853489,,,,,,,,67.15277,50.364582,8.733121,5.390189,,,,28.510460634856184,Technology,Scientific & Technical Instruments,United States,2914,2020-Q4
CGNX,COGNEX CORP,2020-11-01 00:00:00-04:00,2020,4,11,71.05072784423828,62.691822081004304,72.06249598009012,62.46487817477011,14869900,167899010,11929346864.827042,11.92934686482704,,,,,,,,67.15277,50.364582,8.733121,5.390189,,,,50.3545037843067,Technology,Scientific & Technical Instruments,United States,2914,2020-Q4
CGNX,COGNEX CORP,2020-12-01 00:00:00-05:00,2020,4,12,75.98356628417969,72.10347533548014,78.64284680874249,70.31484795644323,16826500,167899010,12757565555.383148,12.757565555383149,,,,,,,,67.15277,50.364582,8.733121,5.390189,,,,43.82432244501917,Technology,Scientific & Technical Instruments,United States,2914,2020-Q4
CGNX,COGNEX CORP,2021-01-01 00:00:00-05:00,2021,1,1,79.81820678710938,78.710296035093,85.66876032354666,76.77631251740023,14155700,167899010,13401397899.530945,13.401397899530945,,,,,,,,67.15277,50.364582,8.733121,5.390189,,,,66.11091444875055,Technology,Scientific & Technical Instruments,United States,2914,2021-Q1
CGNX,COGNEX CORP,2021-02-01 00:00:00-05:00,2021,1,2,80.2652359008789,80.79975735205969,98.95394911384754,77.39827608181301,16791700,167899010,13476453645.174026,13.476453645174027,,,,,,,,67.15277,50.364582,8.733121,5.390189,,,,91.15609232850935,Technology,Scientific & Technical Instruments,United States,2914,2021-Q1
CGNX,COGNEX CORP,2021-03-01 00:00:00-05:00,2021,1,3,80.71185302734375,82.09287847913035,83.87263780973962,72.46464027337842,21442600,167899010,13551440218.556519,13.551440218556518,,,,,,,,67.15277,50.364582,8.733121,5.390189,,,,102.54356340303676,Technology,Scientific & Technical Instruments,United States,2914,2021-Q1
CGNX,COGNEX CORP,2021-04-01 00:00:00-04:00,2021,2,4,83.75590515136719,81.50931238251138,86.42068678018498,80.0213139088283,11973700,167899010,14062533556.56845,14.06253355656845,,,,,,,,67.15277,50.364582,8.733121,5.390189,,,,60.64274928660074,Technology,Scientific & Technical Instruments,United States,2914,2021-Q2
CGNX,COGNEX CORP,2021-05-01 00:00:00-04:00,2021,2,5,77.21065521240234,84.63120051702978,85.16610537055695,70.85018462845348,17532600,167899010,12963592571.613693,12.963592571613693,,,,,,,,67.15277,50.364582,8.733121,5.390189,,,,44.174126055690685,Technology,Scientific & Technical Instruments,United States,2914,2021-Q2
CGNX,COGNEX CORP,2021-06-01 00:00:00-04:00,2021,2,6,81.8072738647461,78.01133714474342,82.35232885553839,75.17898190512494,13236800,167899010,13735360292.689743,13.735360292689743,,,,,,,,67.15277,50.364582,8.733121,5.390189,,,,44.988377421517,Technology,Scientific & Technical Instruments,United States,2914,2021-Q2
CGNX,COGNEX CORP,2021-07-01 00:00:00-04:00,2021,3,7,87.99756622314453,81.3692744607684,88.47448932589549,78.71212403391024,12077400,167899010,14774704251.275406,14.774704251275406,,,,,,,,67.15277,50.364582,8.733121,5.390189,,,,39.28373318980714,Technology,Scientific & Technical Instruments,United States,2914,2021-Q3
CGNX,COGNEX CORP,2021-08-01 00:00:00-04:00,2021,3,8,86.25533294677734,88.57182413548813,89.47700900885054,79.11118414958871,14340100,167899010,14482185008.984299,14.482185008984299,,,,,,,,67.15277,50.364582,8.733121,5.390189,,,,31.948270422983647,Technology,Scientific & Technical Instruments,United States,2914,2021-Q3
CGNX,COGNEX CORP,2021-09-01 00:00:00-04:00,2021,3,9,78.13529968261719,86.51180738419127,88.976058316738,76.22623568969117,15176600,167899010,13118839462.76474,13.11883946276474,,,,,,,,67.15277,50.364582,8.733121,5.390189,,,,26.93137375804293,Technology,Scientific & Technical Instruments,United States,2914,2021-Q3
CGNX,COGNEX CORP,2021-10-01 00:00:00-04:00,2021,4,10,85.31377410888672,78.29114299876429,86.20987149603181,77.10285367332946,9478600,167899010,14324098212.245712,14.324098212245712,,,,,,,,67.15277,50.364582,8.733121,5.390189,,,,36.91038817988197,Technology,Scientific & Technical Instruments,United States,2914,2021-Q4
CGNX,COGNEX CORP,2021-11-01 00:00:00-04:00,2021,4,11,75.24248504638672,85.42091532616536,89.7747535139464,73.75224672571053,18734900,167899010,12633138749.228134,12.633138749228134,,,,,,,,67.15277,50.364582,8.733121,5.390189,,,,5.899668207956799,Technology,Scientific & Technical Instruments,United States,2914,2021-Q4
CGNX,COGNEX CORP,2021-12-01 00:00:00-05:00,2021,4,12,75.79976654052734,76.76480775564823,77.7785915060756,72.25152713256495,13373300,167899010,12726705760.385666,12.726705760385666,,,,,,,,67.15277,50.364582,8.733121,5.390189,,,,-0.24189407346968395,Technology,Scientific & Technical Instruments,United States,2914,2021-Q4
CGNX,COGNEX CORP,2022-01-01 00:00:00-05:00,2022,1,1,64.78460693359375,75.95571055042126,76.42361348803976,60.08611475858883,15300600,167899010,10877271367.389526,10.877271367389527,,,,,,,,67.15277,50.364582,8.733121,5.390189,,,,-18.834800302659204,Technology,Scientific & Technical Instruments,United States,2914,2022-Q1
CGNX,COGNEX CORP,2022-02-01 00:00:00-05:00,2022,1,2,65.85688781738281,64.96008174287279,68.22563061307895,59.95940209434393,20698900,167899010,11057306266.219635,11.057306266219635,,,,,,,,67.15277,50.364582,8.733121,5.390189,,,,-17.950919749727323,Technology,Scientific & Technical Instruments,United States,2914,2022-Q1
CGNX,COGNEX CORP,2022-03-01 00:00:00-05:00,2022,1,3,75.20513153076172,65.6229336560913,78.27572484755329,61.714023153894104,21593100,167899010,12626867130.934677,12.626867130934677,,,,,,,,67.15277,50.364582,8.733121,5.390189,,,,-6.82269244235596,Technology,Scientific & Technical Instruments,United States,2914,2022-Q1
CGNX,COGNEX CORP,2022-04-01 00:00:00-04:00,2022,2,4,65.9882583618164,75.13080142263452,77.52132394477016,65.83214628178642,12323300,167899010,11079363250.573196,11.079363250573197,,,,,,,,67.15277,50.364582,8.733121,5.390189,,,,-21.213604888443793,Technology,Scientific & Technical Instruments,United States,2914,2022-Q2
CGNX,COGNEX CORP,2022-05-01 00:00:00-04:00,2022,2,5,47.244590759277344,65.6760307501058,67.34451918463168,43.51732250014131,32608000,167899010,7932320016.337814,7.9323200163378145,,,,,,,,67.15277,50.364582,8.733121,5.390189,,,,-38.81078896518877,Technology,Scientific & Technical Instruments,United States,2914,2022-Q2
CGNX,COGNEX CORP,2022-06-01 00:00:00-04:00,2022,2,6,41.54458999633789,48.139744734255544,48.80414580602821,40.73362843951409,29969600,167899010,6975295531.241035,6.975295531241035,,,,,,,,67.15277,50.364582,8.733121,5.390189,,,,-49.21650846717549,Technology,Scientific & Technical Instruments,United States,2914,2022-Q2
CGNX,COGNEX CORP,2022-07-01 00:00:00-04:00,2022,3,7,49.810523986816406,41.64230086655685,50.103641274533345,41.28078966927892,15840400,167899010,8363137664.967728,8.363137664967727,,,,,,,,67.15277,50.364582,8.733121,5.390189,,,,-43.395566349520735,Technology,Scientific & Technical Instruments,United States,2914,2022-Q3
CGNX,COGNEX CORP,2022-08-01 00:00:00-04:00,2022,3,8,41.14399719238281,48.91162493707145,49.84960164245586,40.831338290588015,27069200,167899010,6908036396.043854,6.908036396043854,,,,,,,,67.15277,50.364582,8.733121,5.390189,,,,-52.29976421542521,Technology,Scientific & Technical Instruments,United States,2914,2022-Q3
CGNX,COGNEX CORP,2022-09-01 00:00:00-04:00,2022,3,9,40.55482864379883,40.72115545886371,44.801100278602554,39.674263939592336,24368000,167899010,6809115580.013466,6.809115580013466,,,,,,,,67.15277,50.364582,8.733121,5.390189,,,,-48.09666206115405,Technology,Scientific & Technical Instruments,United States,2914,2022-Q3
CGNX,COGNEX CORP,2022-10-01 00:00:00-04:00,2022,4,10,45.23159408569336,40.84834678296749,46.37632813993508,39.34160447294238,14198700,167899010,7594339867.70977,7.59433986770977,,,,,,,,67.15277,50.364582,8.733121,5.390189,,,,-46.98207345983325,Technology,Scientific & Technical Instruments,United States,2914,2022-Q4
CGNX,COGNEX CORP,2022-11-01 00:00:00-04:00,2022,4,11,48.70492172241211,45.70122348032962,51.14114791390084,40.55482306264137,20115000,167899010,8177508139.320488,8.177508139320487,,,,,,,,67.15277,50.364582,8.733121,5.390189,,,,-35.2693871123665,Technology,Scientific & Technical Instruments,United States,2914,2022-Q4
CGNX,COGNEX CORP,2022-12-01 00:00:00-05:00,2022,4,12,46.15699005126953,49.135493345600075,51.29098551153575,44.599154766326016,17679900,167899010,7749712934.188004,7.749712934188003,,,,,,,,67.15277,50.364582,8.733121,5.390189,,,,-39.106685735514645,Technology,Scientific & Technical Instruments,United States,2914,2022-Q4
CGNX,COGNEX CORP,2023-01-01 00:00:00-05:00,2023,1,1,53.63263702392578,46.59788476978674,53.69142085994539,46.03941590243409,14498500,167899010,9004866660.006485,9.004866660006485,,,,,,,,67.15277,50.364582,8.733121,5.390189,,,,-17.213919227910246,Technology,Scientific & Technical Instruments,United States,2914,2023-Q1
CGNX,COGNEX CORP,2023-02-01 00:00:00-05:00,2023,1,2,46.460716247558594,52.66266543092566,56.94426155526705,44.77551349528796,17331800,167899010,7800708261.856003,7.800708261856003,,,,,,,,67.15277,50.364582,8.733121,5.390189,,,,-29.452001472660893,Technology,Scientific & Technical Instruments,United States,2914,2023-Q1
CGNX,COGNEX CORP,2023-03-01 00:00:00-05:00,2023,1,3,48.54763412475586,46.352949999530246,49.04731924067494,45.27520006055536,19727300,167899010,8151099707.388725,8.151099707388726,,,,,,,,67.15277,50.364582,8.733121,5.390189,,,,-35.446380936255586,Technology,Scientific & Technical Instruments,United States,2914,2023-Q1
CGNX,COGNEX CORP,2023-04-01 00:00:00-04:00,2023,2,4,46.79340362548828,48.392759886479574,48.94223296355696,45.97900997260158,9579100,167899010,7856566143.249893,7.856566143249893,,,,,,,,67.15277,50.364582,8.733121,5.390189,,,,-29.088288148297426,Technology,Scientific & Technical Instruments,United States,2914,2023-Q2
CGNX,COGNEX CORP,2023-05-01 00:00:00-04:00,2023,2,5,53.926727294921875,46.88171410561015,54.966800183239236,45.076306752915066,19863000,167899010,9054244125.35736,9.05424412535736,,,,,,,,67.15277,50.364582,8.733121,5.390189,,,,14.1437070958909,Technology,Scientific & Technical Instruments,United States,2914,2023-Q2
CGNX,COGNEX CORP,2023-06-01 00:00:00-04:00,2023,2,6,55.040897369384766,54.16645315902836,56.328002877272546,51.50381499006927,18915400,167899010,9241312177.831306,9.241312177831306,,,,,,,,67.15277,50.364582,8.733121,5.390189,,,,32.48631741036934,Technology,Scientific & Technical Instruments,United States,2914,2023-Q2
CGNX,COGNEX CORP,2023-07-01 00:00:00-04:00,2023,3,7,53.665367126464844,54.834571065467046,58.469900587202076,52.62389588429162,12441500,167899010,9010362011.819992,9.010362011819993,,,,,,,,67.15277,50.364582,8.733121,5.390189,,,,7.739013427501229,Technology,Scientific & Technical Instruments,United States,2914,2023-Q3
CGNX,COGNEX CORP,2023-08-01 00:00:00-04:00,2023,3,8,46.25714874267578,52.34878361703556,52.43721076833561,44.74406359733034,21206700,167899010,7766529479.318008,7.766529479318009,,,,,,,,67.15277,50.364582,8.733121,5.390189,,,,12.427454547949445,Technology,Scientific & Technical Instruments,United States,2914,2023-Q3
CGNX,COGNEX CORP,2023-09-01 00:00:00-04:00,2023,3,9,41.760101318359375,46.69968035978023,47.122791973637945,40.844999805000604,16344700,167899010,7011479668.852234,7.011479668852234,,,,,,,,67.15277,50.364582,8.733121,5.390189,,,,2.9719584938866284,Technology,Scientific & Technical Instruments,United States,2914,2023-Q3
CGNX,COGNEX CORP,2023-10-01 00:00:00-04:00,2023,4,10,35.41343307495117,41.66170302498773,42.26193127680494,33.77018493033809,25932800,167899010,5945880353.985558,5.945880353985557,,,,,,,,67.15277,50.364582,8.733121,5.390189,,,,-21.706422710066832,Technology,Scientific & Technical Instruments,United States,2914,2023-Q4
CGNX,COGNEX CORP,2023-11-01 00:00:00-04:00,2023,4,11,37.09603500366211,35.28551222684978,37.89305614897765,33.73082251744605,33890400,167899010,6228387552.040215,6.228387552040214,,,,,,,,67.15277,50.364582,8.733121,5.390189,,,,-23.835140902008767,Technology,Scientific & Technical Instruments,United States,2914,2023-Q4
CGNX,COGNEX CORP,2023-12-01 00:00:00-05:00,2023,4,12,41.15391159057617,37.03260454480932,42.21874487030506,36.68751679513726,24461700,167899010,6909701013.685265,6.909701013685265,,,,,,,,67.15277,50.364582,8.733121,5.390189,,,,-10.839264984861707,Technology,Scientific & Technical Instruments,United States,2914,2023-Q4
CGNX,COGNEX CORP,2024-01-01 00:00:00-05:00,2024,1,1,35.632537841796875,40.66092820202534,40.75952254273976,35.49450426034349,26343400,167899010,5982667827.425232,5.982667827425232,,,,,,,,67.15277,50.364582,8.733121,5.390189,,,,-33.56183879994372,Technology,Scientific & Technical Instruments,United States,2914,2024-Q1
CGNX,COGNEX CORP,2024-02-01 00:00:00-05:00,2024,1,2,38.89606475830078,35.85931068074619,40.59191087222437,34.30149815923267,50912200,167899010,6530610765.81459,6.530610765814591,,,,,,,,67.15277,50.364582,8.733121,5.390189,,,,-16.281822796167756,Technology,Scientific & Technical Instruments,United States,2914,2024-Q1
CGNX,COGNEX CORP,2024-03-01 00:00:00-05:00,2024,1,3,41.905677795410156,39.17914301534232,42.25143648885621,38.625931366896275,26261400,167899010,7035921815.228348,7.035921815228348,,,,,,,,67.15277,50.364582,8.733121,5.390189,,,,-13.681318253897723,Technology,Scientific & Technical Instruments,United States,2914,2024-Q1
CGNX,COGNEX CORP,2024-04-01 00:00:00-04:00,2024,2,4,41.036346435546875,41.974828851599135,42.08349198385204,37.83562837105549,18232100,167899010,6889961940.545349,6.889961940545349,239292000.0,239.292,166599000.0,36212000.0,38457000.0,46377000.0,7.198278609967476,67.15277,50.364582,8.733121,5.390189,,,,-12.303138356889153,Technology,Scientific & Technical Instruments,United States,2914,2024-Q2
CGNX,COGNEX CORP,2024-05-01 00:00:00-04:00,2024,2,5,44.96809005737305,40.95731445211774,48.14905015010814,40.30531681859799,25717100,167899010,7550097802.223778,7.550097802223778,239292000.0,239.292,166599000.0,36212000.0,38457000.0,46377000.0,7.8879546769467614,67.15277,50.364582,8.733121,5.390189,,0.0,,-16.6126106421304,Technology,Scientific & Technical Instruments,United States,2914,2024-Q2
CGNX,COGNEX CORP,2024-06-01 00:00:00-04:00,2024,2,6,46.266746520996094,45.14866913926028,47.52335027142527,41.59653840717613,20511900,167899010,7768140936.796188,7.768140936796188,239292000.0,239.292,166599000.0,36212000.0,38457000.0,46377000.0,8.115754952940538,67.15277,50.364582,8.733121,5.390189,,0.0,,-15.941147887732466,Technology,Scientific & Technical Instruments,United States,2914,2024-Q2
CGNX,COGNEX CORP,2024-07-01 00:00:00-04:00,2024,3,7,49.09657287597656,46.504211504287696,52.569549082865144,45.72254406462249,23527100,167899010,8243265980.269318,8.243265980269317,234742000.0,234.742,159399000.0,29591000.0,31564000.0,40382000.0,8.779070192242246,67.15277,50.364582,8.733121,5.390189,,-1.901442588970792,,-8.513487366482952,Technology,Scientific & Technical Instruments,United States,2914,2024-Q3
CGNX,COGNEX CORP,2024-08-01 00:00:00-04:00,2024,3,8,39.95405197143555,45.514768253368445,46.00949399525289,34.87816480285299,33152200,167899010,6708245771.492577,6.708245771492576,234742000.0,234.742,159399000.0,29591000.0,31564000.0,40382000.0,7.1442751739064345,67.15277,50.364582,8.733121,5.390189,,0.0,-1.901442588970792,-13.626211175063506,Technology,Scientific & Technical Instruments,United States,2914,2024-Q3
CGNX,COGNEX CORP,2024-09-01 00:00:00-04:00,2024,3,9,40.15097427368164,39.48675009479925,40.71606175720988,37.09751564944537,20168400,167899010,6741308831.0866165,6.7413088310866165,234742000.0,234.742,159399000.0,29591000.0,31564000.0,40382000.0,7.1794872999789305,67.15277,50.364582,8.733121,5.390189,,0.0,-1.901442588970792,-3.853264225607367,Technology,Scientific & Technical Instruments,United States,2914,2024-Q3
CGNX,COGNEX CORP,2024-10-01 00:00:00-04:00,2024,4,10,39.88330078125,39.85356052891638,43.789344830337534,37.68243134482139,25996000,167899010,6696366716.704102,6.696366716704102,229684000.0,229.684,157859000.0,28346000.0,30840000.0,38699000.0,7.288673478239779,67.15277,50.364582,8.733121,5.390189,,-2.15470601767046,-4.015178108754158,12.621955337790958,Technology,Scientific & Technical Instruments,United States,2914,2024-Q4
CGNX,COGNEX CORP,2024-11-01 00:00:00-04:00,2024,4,11,39.63545227050781,39.88329777278599,42.92684023821626,37.77165303446567,21108100,167899010,6654753197.120514,6.654753197120514,229684000.0,229.684,157859000.0,28346000.0,30840000.0,38699000.0,7.243379161283017,67.15277,50.364582,8.733121,5.390189,,0.0,-2.15470601767046,6.845522079637378,Technology,Scientific & Technical Instruments,United States,2914,2024-Q4
CGNX,COGNEX CORP,2024-12-01 00:00:00-05:00,2024,4,12,35.61970901489258,39.821364069636026,40.23854790427046,34.84493687106539,24360100,167899010,5980513880.088539,5.980513880088539,229684000.0,229.684,157859000.0,28346000.0,30840000.0,38699000.0,6.509502055093671,67.15277,50.364582,8.733121,5.390189,,0.0,-2.15470601767046,-13.447573661384038,Technology,Scientific & Technical Instruments,United States,2914,2024-Q4
CGNX,COGNEX CORP,2025-01-01 00:00:00-05:00,2025,1,1,39.63264083862305,35.689241678425745,41.15238744976228,35.29192047031056,22387400,167899010,6654281160.490379,6.654281160490379,216036000.0,216.036,144323000.0,23603000.0,26092000.0,34026000.0,7.700430900972962,67.15277,50.364582,8.733121,5.390189,,-5.942076940492158,-7.968748668751225,11.225983999753343,Technology,Scientific & Technical Instruments,United States,2914,2025-Q1
CGNX,COGNEX CORP,2025-02-01 00:00:00-05:00,2025,1,2,32.5802116394043,38.41087663856061,39.73196633808709,31.924634346391283,32696700,167899010,5470185279.846458,5.470185279846459,216036000.0,216.036,144323000.0,23603000.0,26092000.0,34026000.0,6.330177933129731,67.15277,50.364582,8.733121,5.390189,,0.0,-5.942076940492158,-16.23776893149229,Technology,Scientific & Technical Instruments,United States,2914,2025-Q1
CGNX,COGNEX CORP,2025-03-01 00:00:00-05:00,2025,1,3,29.70170783996582,32.71867717888024,34.17239713746336,29.26359964870088,49792400,167899010,4986887341.6395,4.9868873416395,216036000.0,216.036,144323000.0,23603000.0,26092000.0,34026000.0,5.770898532697675,67.15277,50.364582,8.733121,5.390189,,0.0,-5.942076940492158,-29.122473606144638,Technology,Scientific & Technical Instruments,United States,2914,2025-Q1
CGNX,COGNEX CORP,2025-04-01 00:00:00-04:00,2025,2,4,27.182588577270508,29.70170834603361,30.65758060697582,22.572501917290904,81076000,167899010,4563929711.361027,4.563929711361027,249093000.0,249.093,167876000.0,40511000.0,43433000.0,51432000.0,4.5805479392847515,67.15277,50.364582,8.733121,5.390189,,15.301616397267125,8.450305637310397,-33.75972536940043,Technology,Scientific & Technical Instruments,United States,2914,2025-Q2
CGNX,COGNEX CORP,2025-05-01 00:00:00-04:00,2025,2,5,29.84110450744629,27.41159981322351,32.01173097861266,27.083019151348964,38580200,167899010,5010291904.10677,5.0102919041067695,249093000.0,249.093,167876000.0,40511000.0,43433000.0,51432000.0,5.028535430649165,67.15277,50.364582,8.733121,5.390189,,0.0,15.301616397267125,-33.639377457719064,Technology,Scientific & Technical Instruments,United States,2914,2025-Q2
CGNX,COGNEX CORP,2025-06-01 00:00:00-04:00,2025,2,6,31.662561416625977,29.8059307595162,32.03189226624861,29.167088363187442,33755100,167899010,5316112715.915699,5.316112715915699,249093000.0,249.093,167876000.0,40511000.0,43433000.0,51432000.0,5.335469800351373,67.15277,50.364582,8.733121,5.390189,,0.0,15.301616397267125,-31.565187099859426,Technology,Scientific & Technical Instruments,United States,2914,2025-Q2
CGNX,COGNEX CORP,2025-07-01 00:00:00-04:00,2025,3,7,40.69617462158203,31.47290653311684,42.063692775552184,31.442960171361026,43473800,167899010,6832847429.750748,6.832847429750748,,,,,,,,67.15277,50.364582,8.733121,5.390189,,0.0,15.301616397267125,-17.109948337157622,Technology,Scientific & Technical Instruments,United States,2914,2025-Q3
CGNX,COGNEX CORP,2025-08-01 00:00:00-04:00,2025,3,8,43.86043167114258,40.8458998581159,44.948458041381386,38.949342680347705,44851700,167899010,7364123055.757484,7.364123055757484,,,,,,,,67.15277,50.364582,8.733121,5.390189,,0.0,0.0,9.777180303263933,Technology,Scientific & Technical Instruments,United States,2914,2025-Q3
CGNX,COGNEX CORP,2025-09-01 00:00:00-04:00,2025,3,9,45.29999923706055,43.0099983215332,47.52000045776367,42.75,41771800,167899010,7605825024.903221,7.605825024903221,,,,,,,,67.15277,50.364582,8.733121,5.390189,,0.0,0.0,12.824159454466866,Technology,Scientific & Technical Instruments,United States,2914,2025-Q3
CGNX,COGNEX CORP,2025-10-01 00:00:00-04:00,2025,4,10,48.349998474121094,45.16999816894531,49.7599983215332,40.150001525878906,31405659,167899010,8117916877.306442,8.117916877306442,,,,,,,,67.15277,50.364582,8.733121,5.390189,,0.0,0.0,21.22867848704104,Technology,Scientific & Technical Instruments,United States,2914,2025-Q4
