ticker,company_name,date,year,quarter,month,close_price,open_price,high_price,low_price,volume,shares_outstanding,market_cap,market_cap_billions,revenue,revenue_millions,gross_profit,net_income,operating_income,ebitda,ps_ratio,current_pe,forward_pe,current_ps,current_pb,peg_ratio,revenue_qoq_pct,revenue_yoy_pct,market_cap_yoy_pct,sector,industry,country,employees,year_quarter
CSCO,CISCO SYSTEMS INC,2015-01-01 00:00:00-05:00,2015,1,1,18.796409606933594,19.85847426832359,20.457222331859402,18.76076903199163,659832000,3953196953,74305909185.46982,74.30590918546982,,,,,,,,27.698038,18.110256,4.928413,5.9709187,,,,,Technology,Communication Equipment,United States,86200,2015-Q1
CSCO,CISCO SYSTEMS INC,2015-02-01 00:00:00-05:00,2015,1,2,21.179237365722656,18.94002225752671,21.523731576553324,18.602705180533974,614928400,3953196953,83725696621.03854,83.72569662103854,,,,,,,,27.698038,18.110256,4.928413,5.9709187,,,,,Technology,Communication Equipment,United States,86200,2015-Q1
CSCO,CISCO SYSTEMS INC,2015-03-01 00:00:00-05:00,2015,1,3,19.75819969177246,21.071585199461612,21.753396555348136,19.105095505205085,630441700,3953196953,78108054818.28043,78.10805481828042,,,,,,,,27.698038,18.110256,4.928413,5.9709187,,,,,Technology,Communication Equipment,United States,86200,2015-Q1
CSCO,CISCO SYSTEMS INC,2015-04-01 00:00:00-04:00,2015,2,4,20.849550247192383,19.750302033395467,21.21114494546445,19.410403513594474,489815600,3953196953,82422378508.62132,82.42237850862132,,,,,,,,27.698038,18.110256,4.928413,5.9709187,,,,,Technology,Communication Equipment,United States,86200,2015-Q2
CSCO,CISCO SYSTEMS INC,2015-05-01 00:00:00-04:00,2015,2,5,21.19668197631836,20.835087258431237,21.623363853775114,20.74830529858798,515367400,3953196953,83794658602.49176,83.79465860249177,,,,,,,,27.698038,18.110256,4.928413,5.9709187,,,,,Technology,Communication Equipment,United States,86200,2015-Q2
CSCO,CISCO SYSTEMS INC,2015-06-01 00:00:00-04:00,2015,2,6,19.858783721923828,21.40641024554348,21.42087436711342,19.76476969046833,507210100,3953196953,78505683299.79527,78.50568329979528,,,,,,,,27.698038,18.110256,4.928413,5.9709187,,,,,Technology,Communication Equipment,United States,86200,2015-Q2
CSCO,CISCO SYSTEMS INC,2015-07-01 00:00:00-04:00,2015,3,7,20.55304527282715,19.82985578592876,20.80616186911648,19.410405938702674,520262100,3953196953,81250235947.41133,81.25023594741133,,,,,,,,27.698038,18.110256,4.928413,5.9709187,,,,,Technology,Communication Equipment,United States,86200,2015-Q3
CSCO,CISCO SYSTEMS INC,2015-08-01 00:00:00-04:00,2015,3,8,18.860376358032227,20.70414632262139,21.287155873872614,16.783403962946988,690472400,3953196953,74558782351.00624,74.55878235100624,,,,,,,,27.698038,18.110256,4.928413,5.9709187,,,,,Technology,Communication Equipment,United States,86200,2015-Q3
CSCO,CISCO SYSTEMS INC,2015-09-01 00:00:00-04:00,2015,3,9,19.13001823425293,18.37939225646925,19.47982394836394,18.160764032650953,556873700,3953196953,75624729794.48312,75.62472979448313,,,,,,,,27.698038,18.110256,4.928413,5.9709187,,,,,Technology,Communication Equipment,United States,86200,2015-Q3
CSCO,CISCO SYSTEMS INC,2015-10-01 00:00:00-04:00,2015,4,10,21.024803161621094,18.984266865776586,21.491210822383508,18.466846040868845,509869000,3953196953,83115187795.94528,83.11518779594529,,,,,,,,27.698038,18.110256,4.928413,5.9709187,,,,,Technology,Communication Equipment,United States,86200,2015-Q4
CSCO,CISCO SYSTEMS INC,2015-11-01 00:00:00-04:00,2015,4,11,20.018939971923828,21.209057386789137,21.209057386789137,18.968404549202848,630676000,3953196953,79138812499.29918,79.13881249929918,,,,,,,,27.698038,18.110256,4.928413,5.9709187,,,,,Technology,Communication Equipment,United States,86200,2015-Q4
CSCO,CISCO SYSTEMS INC,2015-12-01 00:00:00-05:00,2015,4,12,19.952816009521484,19.98220227285777,20.49644927031532,19.071247726431167,501981100,3953196953,78877411452.60995,78.87741145260995,,,,,,,,27.698038,18.110256,4.928413,5.9709187,,,,,Technology,Communication Equipment,United States,86200,2015-Q4
CSCO,CISCO SYSTEMS INC,2016-01-01 00:00:00-05:00,2016,1,1,17.47707748413086,19.387139402673206,19.585492439221706,16.507351994742812,786284200,3953196953,69090329457.61102,69.09032945761102,,,,,,,,27.698038,18.110256,4.928413,5.9709187,,,,-7.019064546859322,Technology,Communication Equipment,United States,86200,2016-Q1
CSCO,CISCO SYSTEMS INC,2016-02-01 00:00:00-05:00,2016,1,2,19.382740020751953,17.36894796947403,19.923205688341625,16.628583577006086,677901900,3953196953,76623788790.82777,76.62378879082777,,,,,,,,27.698038,18.110256,4.928413,5.9709187,,,,-8.482351436686885,Technology,Communication Equipment,United States,86200,2016-Q1
CSCO,CISCO SYSTEMS INC,2016-03-01 00:00:00-05:00,2016,1,3,21.078170776367188,19.582635987446757,21.233648011195896,19.42715875261805,498221500,3953196953,83326160487.94841,83.32616048794841,,,,,,,,27.698038,18.110256,4.928413,5.9709187,,,,6.680624273396618,Technology,Communication Equipment,United States,86200,2016-Q1
CSCO,CISCO SYSTEMS INC,2016-04-01 00:00:00-04:00,2016,2,4,20.352611541748047,20.952306144025524,21.24845295159564,19.952815610940604,443380900,3953196953,80457881932.43102,80.45788193243102,,,,,,,,27.698038,18.110256,4.928413,5.9709187,,,,-2.383450479998972,Technology,Communication Equipment,United States,86200,2016-Q2
CSCO,CISCO SYSTEMS INC,2016-05-01 00:00:00-04:00,2016,2,5,21.70427703857422,20.531274999955585,21.72669160764143,19.283559156160212,542483400,3953196953,85801281855.95947,85.80128185595947,,,,,,,,27.698038,18.110256,4.928413,5.9709187,,,,2.3946911258232007,Technology,Communication Equipment,United States,86200,2016-Q2
CSCO,CISCO SYSTEMS INC,2016-06-01 00:00:00-04:00,2016,2,6,21.435304641723633,21.547374612427255,21.973241356129215,20.26977295627438,498272800,3953196953,84737980996.28862,84.73798099628863,,,,,,,,27.698038,18.110256,4.928413,5.9709187,,,,7.938657985681918,Technology,Communication Equipment,United States,86200,2016-Q2
CSCO,CISCO SYSTEMS INC,2016-07-01 00:00:00-04:00,2016,3,7,22.81003761291504,21.502551044791176,23.27326062759531,21.04679812788716,441933000,3953196953,90172571189.19113,90.17257118919113,,,,,,,,27.698038,18.110256,4.928413,5.9709187,,,,10.981303792834174,Technology,Communication Equipment,United States,86200,2016-Q3
CSCO,CISCO SYSTEMS INC,2016-08-01 00:00:00-04:00,2016,3,8,23.70391845703125,23.14600198327657,23.899943397220053,22.663478500492936,546905700,3953196953,93706258218.4964,93.7062582184964,,,,,,,,27.698038,18.110256,4.928413,5.9709187,,,,25.68104690517621,Technology,Communication Equipment,United States,86200,2016-Q3
CSCO,CISCO SYSTEMS INC,2016-09-01 00:00:00-04:00,2016,3,9,23.915029525756836,23.68884759740519,24.088437204724706,23.070615651083028,439303800,3953196953,94540821852.12695,94.54082185212695,,,,,,,,27.698038,18.110256,4.928413,5.9709187,,,,25.013103662056025,Technology,Communication Equipment,United States,86200,2016-Q3
CSCO,CISCO SYSTEMS INC,2016-10-01 00:00:00-04:00,2016,4,10,23.130929946899414,23.60591255150647,23.884871593470947,22.512698026795487,368562000,3953196953,91441121786.13922,91.44112178613922,,,,,,,,27.698038,18.110256,4.928413,5.9709187,,,,10.01734365400797,Technology,Communication Equipment,United States,86200,2016-Q4
CSCO,CISCO SYSTEMS INC,2016-11-01 00:00:00-04:00,2016,4,11,22.66834259033203,23.45132074835026,24.24189935506609,22.463095677563093,569547500,3953196953,89612422857.6607,89.6124228576607,,,,,,,,27.698038,18.110256,4.928413,5.9709187,,,,13.23448005800476,Technology,Communication Equipment,United States,86200,2016-Q4
CSCO,CISCO SYSTEMS INC,2016-12-01 00:00:00-05:00,2016,4,12,22.972408294677734,22.68354343461443,23.618555093401365,22.136219855061675,440511100,3953196953,90814454473.59195,90.81445447359195,,,,,,,,27.698038,18.110256,4.928413,5.9709187,,,,15.133664760479416,Technology,Communication Equipment,United States,86200,2016-Q4
CSCO,CISCO SYSTEMS INC,2017-01-01 00:00:00-05:00,2017,1,1,23.35249137878418,23.086432246876996,23.60334816737776,22.65313283938488,388921600,3953196953,92316997763.56839,92.3169977635684,,,,,,,,27.698038,18.110256,4.928413,5.9709187,,,,33.617828266700656,Technology,Communication Equipment,United States,86200,2017-Q1
CSCO,CISCO SYSTEMS INC,2017-02-01 00:00:00-05:00,2017,1,2,26.205795288085938,23.652685412988355,26.313132775295625,23.323004316714503,476211300,3953196953,103596670083.80309,103.59667008380309,,,,,,,,27.698038,18.110256,4.928413,5.9709187,,,,35.20170657001509,Technology,Communication Equipment,United States,86200,2017-Q1
CSCO,CISCO SYSTEMS INC,2017-03-01 00:00:00-05:00,2017,1,3,25.914457321166992,26.282472940463936,26.474147924976602,25.799454085296286,404059400,3953196953,102444953720.6859,102.4449537206859,,,,,,,,27.698038,18.110256,4.928413,5.9709187,,,,22.944526809803833,Technology,Communication Equipment,United States,86200,2017-Q1
CSCO,CISCO SYSTEMS INC,2017-04-01 00:00:00-04:00,2017,2,4,26.121458053588867,25.83777998884944,26.152126742946425,24.85640240249794,323261900,3953196953,103263268385.36482,103.26326838536482,,,,,,,,27.698038,18.110256,4.928413,5.9709187,,,,28.344502620744972,Technology,Communication Equipment,United States,86200,2017-Q2
CSCO,CISCO SYSTEMS INC,2017-05-01 00:00:00-04:00,2017,2,5,24.384634017944336,26.379951256631962,26.75890521531853,23.487514730788845,548285400,3953196953,96397260899.75769,96.3972608997577,,,,,,,,27.698038,18.110256,4.928413,5.9709187,,,,12.349441423947983,Technology,Communication Equipment,United States,86200,2017-Q2
CSCO,CISCO SYSTEMS INC,2017-06-01 00:00:00-04:00,2017,2,6,24.206748962402344,24.376893194057054,25.134803848383697,24.044340168662025,480792900,3953196953,95694046240.20486,95.69404624020487,,,,,,,,27.698038,18.110256,4.928413,5.9709187,,,,12.929344215076476,Technology,Communication Equipment,United States,86200,2017-Q2
CSCO,CISCO SYSTEMS INC,2017-07-01 00:00:00-04:00,2017,3,7,24.3227596282959,24.044342836588246,24.94146197086542,23.719523737963563,344250200,3953196953,96152659251.13075,96.15265925113076,,,,,,,,27.698038,18.110256,4.928413,5.9709187,,,,6.631826045408862,Technology,Communication Equipment,United States,86200,2017-Q3
CSCO,CISCO SYSTEMS INC,2017-08-01 00:00:00-04:00,2017,3,8,25.143259048461914,24.659285307473414,25.346217795751897,23.69914255680671,505600300,3953196953,99396255058.86932,99.39625505886933,,,,,,,,27.698038,18.110256,4.928413,5.9709187,,,,6.072163106871109,Technology,Communication Equipment,United States,86200,2017-Q3
CSCO,CISCO SYSTEMS INC,2017-09-01 00:00:00-04:00,2017,3,9,26.25171661376953,25.151064956198965,26.618598514447513,24.557804174976518,415433800,3953196953,103778206128.57318,103.77820612857317,,,,,,,,27.698038,18.110256,4.928413,5.9709187,,,,9.770789057550822,Technology,Communication Equipment,United States,86200,2017-Q3
CSCO,CISCO SYSTEMS INC,2017-10-01 00:00:00-04:00,2017,4,10,26.657629013061523,26.23610211907492,27.110377805375663,25.89263443755928,336242900,3953196953,105382857788.6392,105.3828577886392,,,,,,,,27.698038,18.110256,4.928413,5.9709187,,,,15.24668084793037,Technology,Communication Equipment,United States,86200,2017-Q4
CSCO,CISCO SYSTEMS INC,2017-11-01 00:00:00-04:00,2017,4,11,29.368139266967773,26.998218309642503,29.94290411039217,26.510059398651638,476356800,3953196953,116098038665.45665,116.09803866545666,,,,,,,,27.698038,18.110256,4.928413,5.9709187,,,,29.555741227826605,Technology,Communication Equipment,United States,86200,2017-Q4
CSCO,CISCO SYSTEMS INC,2017-12-01 00:00:00-05:00,2017,4,12,30.155487060546875,29.202794829164755,30.6987601704178,28.919348511579955,373030900,3953196953,119210579563.98483,119.21057956398484,,,,,,,,27.698038,18.110256,4.928413,5.9709187,,,,31.268287911865645,Technology,Communication Equipment,United States,86200,2017-Q4
CSCO,CISCO SYSTEMS INC,2018-01-01 00:00:00-05:00,2018,1,1,32.70649719238281,30.446802086354804,33.84027933016529,30.257839898474305,504812100,3953196953,129295225044.23079,129.2952250442308,,,,,,,,27.698038,18.110256,4.928413,5.9709187,,,,40.055708240606734,Technology,Communication Equipment,United States,86200,2018-Q1
CSCO,CISCO SYSTEMS INC,2018-02-01 00:00:00-05:00,2018,1,2,35.5204963684082,32.59350694472726,36.40097367353828,29.626853982261355,703752400,3953196953,140419518012.6389,140.4195180126389,,,,,,,,27.698038,18.110256,4.928413,5.9709187,,,,35.54443197744528,Technology,Communication Equipment,United States,86200,2018-Q1
CSCO,CISCO SYSTEMS INC,2018-03-01 00:00:00-05:00,2018,1,3,34.021305084228516,35.44117377424538,36.61514245383209,32.98218577355608,597830400,3953196953,134492919596.05557,134.49291959605557,,,,,,,,27.698038,18.110256,4.928413,5.9709187,,,,31.283108353728984,Technology,Communication Equipment,United States,86200,2018-Q1
CSCO,CISCO SYSTEMS INC,2018-04-01 00:00:00-04:00,2018,2,4,35.131805419921875,33.727802024349,35.96468796959338,31.879593190197067,491494900,3953196953,138882946139.42404,138.88294613942404,,,,,,,,27.698038,18.110256,4.928413,5.9709187,,,,34.49404450489724,Technology,Communication Equipment,United States,86200,2018-Q2
CSCO,CISCO SYSTEMS INC,2018-05-01 00:00:00-04:00,2018,2,5,34.150875091552734,35.11039457278382,37.077407526659115,33.998952368363916,500681500,3953196953,135005135354.20987,135.00513535420987,,,,,,,,27.698038,18.110256,4.928413,5.9709187,,,,40.050800296701404,Technology,Communication Equipment,United States,86200,2018-Q2
CSCO,CISCO SYSTEMS INC,2018-06-01 00:00:00-04:00,2018,2,6,34.40674591064453,34.3107948793632,35.830034284087645,33.4312371504564,463650000,3953196953,136016643096.60516,136.01664309660515,,,,,,,,27.698038,18.110256,4.928413,5.9709187,,,,42.136996438822514,Technology,Communication Equipment,United States,86200,2018-Q2
CSCO,CISCO SYSTEMS INC,2018-07-01 00:00:00-04:00,2018,3,7,33.815040588378906,34.03093267257149,35.04642371293159,32.73558016741599,450479900,3953196953,133677515419.55081,133.67751541955082,,,,,,,,27.698038,18.110256,4.928413,5.9709187,,,,39.02633214793669,Technology,Communication Equipment,United States,86200,2018-Q3
CSCO,CISCO SYSTEMS INC,2018-08-01 00:00:00-04:00,2018,3,8,38.49456024169922,33.83685647208515,38.54291122467185,33.20024902928949,441384400,3953196953,152176578254.5603,152.1765782545603,,,,,,,,27.698038,18.110256,4.928413,5.9709187,,,,53.100917297569026,Technology,Communication Equipment,United States,86200,2018-Q3
CSCO,CISCO SYSTEMS INC,2018-09-01 00:00:00-04:00,2018,3,9,39.20368576049805,38.550961437618405,39.534076401313264,37.422796624394735,365543500,3953196953,154979891094.77036,154.97989109477035,,,,,,,,27.698038,18.110256,4.928413,5.9709187,,,,49.33760842113828,Technology,Communication Equipment,United States,86200,2018-Q3
CSCO,CISCO SYSTEMS INC,2018-10-01 00:00:00-04:00,2018,4,10,36.86677551269531,39.48572677862449,39.864468406916394,34.60238884997432,549746900,3953196953,145741624623.7221,145.74162462372212,,,,,,,,27.698038,18.110256,4.928413,5.9709187,,,,38.29727878136342,Technology,Communication Equipment,United States,86200,2018-Q4
CSCO,CISCO SYSTEMS INC,2018-11-01 00:00:00-04:00,2018,4,11,38.83592987060547,37.051115221531255,39.29835871264406,35.76118441621196,526861100,3953196953,153526079631.39923,153.52607963139923,,,,,,,,27.698038,18.110256,4.928413,5.9709187,,,,32.23830600083926,Technology,Communication Equipment,United States,86200,2018-Q4
CSCO,CISCO SYSTEMS INC,2018-12-01 00:00:00-05:00,2018,4,12,35.15273666381836,39.20101899581652,39.86626783307616,32.65399471330346,606735800,3953196953,138965691469.01813,138.96569146901814,,,,,,,,27.698038,18.110256,4.928413,5.9709187,,,,16.571609648479214,Technology,Communication Equipment,United States,86200,2018-Q4
CSCO,CISCO SYSTEMS INC,2019-01-01 00:00:00-05:00,2019,1,1,38.36540985107422,34.300897658431644,38.43842513282186,33.23000892265672,442759300,3953196953,151666021323.8628,151.6660213238628,,,,,,,,27.698038,18.110256,4.928413,5.9709187,,,,17.302105527856227,Technology,Communication Equipment,United States,86200,2019-Q1
CSCO,CISCO SYSTEMS INC,2019-02-01 00:00:00-05:00,2019,1,2,42.325130462646484,38.72786106005871,42.480465919321674,37.85307109911647,426421600,3953196953,167319576780.26157,167.31957678026157,,,,,,,,27.698038,18.110256,4.928413,5.9709187,,,,19.15692287535231,Technology,Communication Equipment,United States,86200,2019-Q1
CSCO,CISCO SYSTEMS INC,2019-03-01 00:00:00-05:00,2019,1,3,44.14011001586914,42.51316261285911,44.33632286604554,41.294995619588114,432755900,3953196953,174494548419.81866,174.49454841981867,,,,,,,,27.698038,18.110256,4.928413,5.9709187,,,,29.742553692719653,Technology,Communication Equipment,United States,86200,2019-Q1
CSCO,CISCO SYSTEMS INC,2019-04-01 00:00:00-04:00,2019,2,4,45.74253463745117,44.54071907287216,47.03427928454341,44.46713846445411,349640500,3953196953,180829248551.26892,180.82924855126893,,,,,,,,27.698038,18.110256,4.928413,5.9709187,,,,30.202630040505586,Technology,Communication Equipment,United States,86200,2019-Q2
CSCO,CISCO SYSTEMS INC,2019-05-01 00:00:00-04:00,2019,2,5,42.807010650634766,46.07327796804423,46.756151272975806,42.00895779143495,514801500,3953196953,169224544071.1279,169.2245440711279,,,,,,,,27.698038,18.110256,4.928413,5.9709187,,,,25.346745979060238,Technology,Communication Equipment,United States,86200,2019-Q2
CSCO,CISCO SYSTEMS INC,2019-06-01 00:00:00-04:00,2019,2,6,45.02841567993164,42.82347928721944,47.84217910462902,42.362748370738316,535912200,3953196953,178006195664.32318,178.00619566432317,,,,,,,,27.698038,18.110256,4.928413,5.9709187,,,,30.8708931581962,Technology,Communication Equipment,United States,86200,2019-Q2
CSCO,CISCO SYSTEMS INC,2019-07-01 00:00:00-04:00,2019,3,7,45.57963943481445,45.464453597304775,47.93266505106383,44.61703533583198,325862700,3953196953,180185291732.54715,180.18529173254714,,,,,,,,27.698038,18.110256,4.928413,5.9709187,,,,34.791023880889995,Technology,Communication Equipment,United States,86200,2019-Q3
CSCO,CISCO SYSTEMS INC,2019-08-01 00:00:00-04:00,2019,3,8,38.755367279052734,46.231567000352676,47.1008920351993,38.08474348504571,509693100,3953196953,153207599839.94717,153.20759983994716,,,,,,,,27.698038,18.110256,4.928413,5.9709187,,,,0.6775166042057856,Technology,Communication Equipment,United States,86200,2019-Q3
CSCO,CISCO SYSTEMS INC,2019-09-01 00:00:00-04:00,2019,3,9,40.90798568725586,38.60634329451617,41.64484224272722,38.25033345067951,369072000,3953196953,161717324372.22748,161.71732437222747,,,,,,,,27.698038,18.110256,4.928413,5.9709187,,,,4.347295142527341,Technology,Communication Equipment,United States,86200,2019-Q3
CSCO,CISCO SYSTEMS INC,2019-10-01 00:00:00-04:00,2019,4,10,39.334930419921875,41.10670225985469,41.28884460806609,37.71218930574466,403870500,3953196953,155498727082.50217,155.49872708250217,,,,,,,,27.698038,18.110256,4.928413,5.9709187,,,,6.694794629860268,Technology,Communication Equipment,United States,86200,2019-Q4
CSCO,CISCO SYSTEMS INC,2019-11-01 00:00:00-04:00,2019,4,11,37.797611236572266,39.08227709308084,40.85912436445526,37.0718547900178,437190200,3953196953,149421401571.09604,149.42140157109603,,,,,,,,27.698038,18.110256,4.928413,5.9709187,,,,-2.6736031234290025,Technology,Communication Equipment,United States,86200,2019-Q4
CSCO,CISCO SYSTEMS INC,2019-12-01 00:00:00-05:00,2019,4,12,40.008235931396484,37.747554429829215,40.35025784424533,36.204285521608504,424411900,3953196953,158160436378.9017,158.1604363789017,,,,,,,,27.698038,18.110256,4.928413,5.9709187,,,,13.812578275237787,Technology,Communication Equipment,United States,86200,2019-Q4
CSCO,CISCO SYSTEMS INC,2020-01-01 00:00:00-05:00,2020,1,1,38.34819030761719,40.0916691300257,41.32628524039693,38.239743373357996,379259100,3953196953,151597949077.1364,151.5979490771364,,,,,,,,27.698038,18.110256,4.928413,5.9709187,,,,-0.044882991016836904,Technology,Communication Equipment,United States,86200,2020-Q1
CSCO,CISCO SYSTEMS INC,2020-02-01 00:00:00-05:00,2020,1,2,33.55448532104492,38.99143897313606,42.25192757545226,32.22675810235826,560728700,3953196953,132647489130.63802,132.647489130638,,,,,,,,27.698038,18.110256,4.928413,5.9709187,,,,-20.72207467698649,Technology,Communication Equipment,United States,86200,2020-Q1
CSCO,CISCO SYSTEMS INC,2020-03-01 00:00:00-05:00,2020,1,3,33.03348159790039,33.739361237009206,35.20994355135131,27.226782416351305,991833100,3953196953,130587858799.80139,130.58785879980138,,,,,,,,27.698038,18.110256,4.928413,5.9709187,,,,-25.162212812735905,Technology,Communication Equipment,United States,86200,2020-Q1
CSCO,CISCO SYSTEMS INC,2020-04-01 00:00:00-04:00,2020,2,4,35.613304138183594,32.075500695710936,36.66372011389771,31.487270313803158,488969500,3953196953,140786405405.32968,140.78640540532967,,,,,,,,27.698038,18.110256,4.928413,5.9709187,,,,-22.144007933863776,Technology,Communication Equipment,United States,86200,2020-Q2
CSCO,CISCO SYSTEMS INC,2020-05-01 00:00:00-04:00,2020,2,5,40.56571578979492,35.39108580237228,40.56571578979492,34.34767693222673,491568200,3953196953,160364264056.48126,160.36426405648126,,,,,,,,27.698038,18.110256,4.928413,5.9709187,,,,-5.235812608200918,Technology,Communication Equipment,United States,86200,2020-Q2
CSCO,CISCO SYSTEMS INC,2020-06-01 00:00:00-04:00,2020,2,6,39.56471252441406,39.99734734797442,40.96440885568658,37.01981245737877,571339300,3953196953,156407100997.8346,156.4071009978346,,,,,,,,27.698038,18.110256,4.928413,5.9709187,,,,-12.133900500418127,Technology,Communication Equipment,United States,86200,2020-Q2
CSCO,CISCO SYSTEMS INC,2020-07-01 00:00:00-04:00,2020,3,7,39.95492935180664,39.47988341516842,40.46391130164326,38.343161267343376,390133500,3953196953,157949704970.89227,157.94970497089227,,,,,,,,27.698038,18.110256,4.928413,5.9709187,,,,-12.34040056646778,Technology,Communication Equipment,United States,86200,2020-Q3
CSCO,CISCO SYSTEMS INC,2020-08-01 00:00:00-04:00,2020,3,8,36.09735870361328,40.30387063138773,41.4238987722378,35.43902185088453,481274600,3953196953,142699968438.47205,142.69996843847204,,,,,,,,27.698038,18.110256,4.928413,5.9709187,,,,-6.858427005221824,Technology,Communication Equipment,United States,86200,2020-Q3
CSCO,CISCO SYSTEMS INC,2020-09-01 00:00:00-04:00,2020,3,9,33.677757263183594,35.909261918532245,36.499198618768446,32.147337936753026,549433800,3953196953,133134807396.69101,133.134807396691,,,,,,,,27.698038,18.110256,4.928413,5.9709187,,,,-17.674369203479777,Technology,Communication Equipment,United States,86200,2020-Q3
CSCO,CISCO SYSTEMS INC,2020-10-01 00:00:00-04:00,2020,4,10,30.693876266479492,33.429817943575365,34.720843480111,30.16378471272989,511026900,3953196953,121338938132.40575,121.33893813240574,,,,,,,,27.698038,18.110256,4.928413,5.9709187,,,,-21.96788976412163,Technology,Communication Equipment,United States,86200,2020-Q4
CSCO,CISCO SYSTEMS INC,2020-11-01 00:00:00-04:00,2020,4,11,37.120609283447266,31.227214892977052,37.14649428933779,30.778522805239625,535169500,3953196953,146745079512.82724,146.74507951282723,,,,,,,,27.698038,18.110256,4.928413,5.9709187,,,,-1.7911236477027526,Technology,Communication Equipment,United States,86200,2020-Q4
CSCO,CISCO SYSTEMS INC,2020-12-01 00:00:00-05:00,2020,4,12,38.61336898803711,37.11197620925628,39.32092096091589,37.11197620925628,381540200,3953196953,152646252628.573,152.646252628573,,,,,,,,27.698038,18.110256,4.928413,5.9709187,,,,-3.4864495044250488,Technology,Communication Equipment,United States,86200,2020-Q4
CSCO,CISCO SYSTEMS INC,2021-01-01 00:00:00-05:00,2021,1,1,38.46668243408203,38.233707525170814,40.08887297589127,37.40535119629235,400887800,3953196953,152066371790.4317,152.0663717904317,,,,,,,,27.698038,18.110256,4.928413,5.9709187,,,,0.30899013881575677,Technology,Communication Equipment,United States,86200,2021-Q1
CSCO,CISCO SYSTEMS INC,2021-02-01 00:00:00-05:00,2021,1,2,39.03091049194336,39.07440315503297,42.91921496480492,38.848239316000495,399483100,3953196953,154296876429.56622,154.29687642956623,,,,,,,,27.698038,18.110256,4.928413,5.9709187,,,,16.320992911977996,Technology,Communication Equipment,United States,86200,2021-Q1
CSCO,CISCO SYSTEMS INC,2021-03-01 00:00:00-05:00,2021,1,3,44.98078918457031,39.33535830297922,46.05072442119776,38.40460155278437,580029400,3953196953,177817918747.9787,177.8179187479787,,,,,,,,27.698038,18.110256,4.928413,5.9709187,,,,36.16726729594646,Technology,Communication Equipment,United States,86200,2021-Q1
CSCO,CISCO SYSTEMS INC,2021-04-01 00:00:00-04:00,2021,2,4,44.28490447998047,45.01559249082349,46.25950188211906,43.84997121919957,349593300,3953196953,175066949454.15485,175.06694945415484,,,,,,,,27.698038,18.110256,4.928413,5.9709187,,,,24.349328296386364,Technology,Communication Equipment,United States,86200,2021-Q2
CSCO,CISCO SYSTEMS INC,2021-05-01 00:00:00-04:00,2021,2,5,46.3458366394043,44.86522085848997,47.43220217380526,43.892746274877226,465864200,3953196953,183214220187.1288,183.2142201871288,,,,,,,,27.698038,18.110256,4.928413,5.9709187,,,,14.24878308461519,Technology,Communication Equipment,United States,86200,2021-Q2
CSCO,CISCO SYSTEMS INC,2021-06-01 00:00:00-04:00,2021,2,6,46.433441162109375,46.39839625347599,48.492281084357465,45.45220711483963,361448700,3953196953,183560538119.35556,183.56053811935556,,,,,,,,27.698038,18.110256,4.928413,5.9709187,,,,17.36074445999538,Technology,Communication Equipment,United States,86200,2021-Q2
CSCO,CISCO SYSTEMS INC,2021-07-01 00:00:00-04:00,2021,3,7,48.509803771972656,46.4772458503912,48.755114791519695,45.855213758456024,312258300,3953196953,191768808461.9902,191.7688084619902,,,,,,,,27.698038,18.110256,4.928413,5.9709187,,,,21.411311592718874,Technology,Communication Equipment,United States,86200,2021-Q3
CSCO,CISCO SYSTEMS INC,2021-08-01 00:00:00-04:00,2021,3,8,52.068084716796875,49.05092186293772,53.1708482781522,48.15989038612424,341880000,3953196953,205835393850.98727,205.8353938509873,,,,,,,,27.698038,18.110256,4.928413,5.9709187,,,,44.24347538642752,Technology,Communication Equipment,United States,86200,2021-Q3
CSCO,CISCO SYSTEMS INC,2021-09-01 00:00:00-04:00,2021,3,9,48.018733978271484,52.068081673505375,52.68562990484316,48.00108935847702,371816500,3953196953,189827512849.8204,189.8275128498204,,,,,,,,27.698038,18.110256,4.928413,5.9709187,,,,42.58293271436278,Technology,Communication Equipment,United States,86200,2021-Q3
CSCO,CISCO SYSTEMS INC,2021-10-01 00:00:00-04:00,2021,4,10,49.37733459472656,48.16870349702609,50.03899262828663,46.73952308683905,295647600,3953196953,195198328667.13452,195.19832866713452,,,,,,,,27.698038,18.110256,4.928413,5.9709187,,,,60.870312260465795,Technology,Communication Equipment,United States,86200,2021-Q4
CSCO,CISCO SYSTEMS INC,2021-11-01 00:00:00-04:00,2021,4,11,48.707271575927734,49.622086129656715,52.073438668414404,45.36775190301782,509919500,3953196953,192549437582.90103,192.54943758290102,,,,,,,,27.698038,18.110256,4.928413,5.9709187,,,,31.213556340108806,Technology,Communication Equipment,United States,86200,2021-Q4
CSCO,CISCO SYSTEMS INC,2021-12-01 00:00:00-05:00,2021,4,12,56.28337478637695,49.32011655139323,57.10049357006549,48.78721550106324,471636400,3953196953,222499265710.0624,222.49926571006242,,,,,,,,27.698038,18.110256,4.928413,5.9709187,,,,45.761367789001326,Technology,Communication Equipment,United States,86200,2021-Q4
CSCO,CISCO SYSTEMS INC,2022-01-01 00:00:00-05:00,2022,1,1,49.4444580078125,55.86593473021813,56.26560880858762,47.47272148672274,480940800,3953196953,195463680739.22083,195.46368073922082,,,,,,,,27.698038,18.110256,4.928413,5.9709187,,,,28.53839967234608,Technology,Communication Equipment,United States,86200,2022-Q1
CSCO,CISCO SYSTEMS INC,2022-02-01 00:00:00-05:00,2022,1,2,49.82515335083008,49.5392642754138,51.54048780332775,47.082402690509355,419601200,3953196953,196968644409.25922,196.9686444092592,,,,,,,,27.698038,18.110256,4.928413,5.9709187,,,,27.655626586304805,Technology,Communication Equipment,United States,86200,2022-Q1
CSCO,CISCO SYSTEMS INC,2022-03-01 00:00:00-05:00,2022,1,3,49.81621551513672,49.61073296296091,50.92403819650467,47.95793659524831,500035600,3953196953,196933311384.4298,196.9333113844298,,,,,,,,27.698038,18.110256,4.928413,5.9709187,,,,10.749981087982107,Technology,Communication Equipment,United States,86200,2022-Q1
CSCO,CISCO SYSTEMS INC,2022-04-01 00:00:00-04:00,2022,2,4,43.758941650390625,50.18251725906818,50.200385753809734,43.66066663334554,383849000,3953196953,172987714798.829,172.98771479882902,,,,,,,,27.698038,18.110256,4.928413,5.9709187,,,,-1.1876797201349154,Technology,Communication Equipment,United States,86200,2022-Q2
CSCO,CISCO SYSTEMS INC,2022-05-01 00:00:00-04:00,2022,2,5,40.52347946166992,44.382431002958796,46.46932249189246,36.89840564304387,645254200,3953196953,160197295532.8316,160.19729553283162,,,,,,,,27.698038,18.110256,4.928413,5.9709187,,,,-12.56284835903485,Technology,Communication Equipment,United States,86200,2022-Q2
CSCO,CISCO SYSTEMS INC,2022-06-01 00:00:00-04:00,2022,2,6,38.355628967285156,40.97323863050883,41.458981478877384,37.950843260311366,491026400,3953196953,151627355563.8702,151.6273555638702,,,,,,,,27.698038,18.110256,4.928413,5.9709187,,,,-17.396540063922462,Technology,Communication Equipment,United States,86200,2022-Q2
CSCO,CISCO SYSTEMS INC,2022-07-01 00:00:00-04:00,2022,3,7,40.81132888793945,38.247691510911864,41.26109007207801,36.718502798559655,368402100,3953196953,161335221007.68314,161.33522100768315,,,,,,,,27.698038,18.110256,4.928413,5.9709187,,,,-15.869936147796004,Technology,Communication Equipment,United States,86200,2022-Q3
CSCO,CISCO SYSTEMS INC,2022-08-01 00:00:00-04:00,2022,3,8,40.58869552612305,40.89728591734684,45.380919519443694,40.4253239388699,429950500,3953196953,160455107480.11435,160.45510748011435,,,,,,,,27.698038,18.110256,4.928413,5.9709187,,,,-22.046881987519395,Technology,Communication Equipment,United States,86200,2022-Q3
CSCO,CISCO SYSTEMS INC,2022-09-01 00:00:00-04:00,2022,3,9,36.30474090576172,40.4525572772618,42.41301314768134,36.26843533390638,408782100,3953196953,143519791128.1117,143.5197911281117,,,,,,,,27.698038,18.110256,4.928413,5.9709187,,,,-24.394631224160047,Technology,Communication Equipment,United States,86200,2022-Q3
CSCO,CISCO SYSTEMS INC,2022-10-01 00:00:00-04:00,2022,4,10,41.23310852050781,36.91284254378319,41.487240591271686,35.03407253540217,414712600,3953196953,163002598965.9898,163.00259896598982,,,,,,,,27.698038,18.110256,4.928413,5.9709187,,,,-16.49385520920472,Technology,Communication Equipment,United States,86200,2022-Q4
CSCO,CISCO SYSTEMS INC,2022-11-01 00:00:00-04:00,2022,4,11,45.545963287353516,41.753520496099554,45.64672924949458,39.74737069025502,424022500,3953196953,180052163289.01578,180.05216328901577,,,,,,,,27.698038,18.110256,4.928413,5.9709187,,,,-6.490423680674018,Technology,Communication Equipment,United States,86200,2022-Q4
CSCO,CISCO SYSTEMS INC,2022-12-01 00:00:00-05:00,2022,4,12,43.64057540893555,45.692526782102725,46.452845663004794,42.77032812797916,376149200,3953196953,172519789733.77072,172.51978973377072,,,,,,,,27.698038,18.110256,4.928413,5.9709187,,,,-22.462759963181036,Technology,Communication Equipment,United States,86200,2022-Q4
CSCO,CISCO SYSTEMS INC,2023-01-01 00:00:00-05:00,2023,1,1,44.584110260009766,43.842112688172485,45.28030956788569,41.835962821915714,327369800,3953196953,176249768832.08664,176.24976883208663,,,,,,,,27.698038,18.110256,4.928413,5.9709187,,,,-9.829914096812974,Technology,Communication Equipment,United States,86200,2023-Q1
CSCO,CISCO SYSTEMS INC,2023-02-01 00:00:00-05:00,2023,1,2,44.70948791503906,44.681787995353815,47.77507367299224,42.87198711359912,388264600,3953196953,176745411395.92273,176.74541139592273,,,,,,,,27.698038,18.110256,4.928413,5.9709187,,,,-10.267234703264183,Technology,Communication Equipment,United States,86200,2023-Q1
CSCO,CISCO SYSTEMS INC,2023-03-01 00:00:00-05:00,2023,1,3,48.27368927001953,44.72795517493262,48.338324763436546,44.34014221443056,426796100,3953196953,190835401332.31,190.83540133231,,,,,,,,27.698038,18.110256,4.928413,5.9709187,,,,-3.096434020863137,Technology,Communication Equipment,United States,86200,2023-Q1
CSCO,CISCO SYSTEMS INC,2023-04-01 00:00:00-04:00,2023,2,4,43.62914276123047,48.07054459397181,48.5322286443552,42.44723271940732,349964900,3953196953,172474594225.6983,172.4745942256983,,,,,,,,27.698038,18.110256,4.928413,5.9709187,,,,-0.2966225513340248,Technology,Communication Equipment,United States,86200,2023-Q2
CSCO,CISCO SYSTEMS INC,2023-05-01 00:00:00-04:00,2023,2,5,46.20819854736328,43.910350052181535,46.971051101708525,42.38465204114739,449036300,3953196953,182670109701.05554,182.67010970105554,,,,,,,,27.698038,18.110256,4.928413,5.9709187,,,,14.02821070947371,Technology,Communication Equipment,United States,86200,2023-Q2
CSCO,CISCO SYSTEMS INC,2023-06-01 00:00:00-04:00,2023,2,6,48.133934020996094,46.291928844106884,48.757236042874915,45.715141315844214,362622700,3953196953,190282921307.7048,190.2829213077048,,,,,,,,27.698038,18.110256,4.928413,5.9709187,,,,25.49379404533085,Technology,Communication Equipment,United States,86200,2023-Q2
CSCO,CISCO SYSTEMS INC,2023-07-01 00:00:00-04:00,2023,3,7,48.413028717041016,47.78042161245027,50.134089971430484,46.57102692973102,383565500,3953196953,191386237609.70804,191.38623760970805,,,,,,,,27.698038,18.110256,4.928413,5.9709187,,,,18.626445245079992,Technology,Communication Equipment,United States,86200,2023-Q3
CSCO,CISCO SYSTEMS INC,2023-08-01 00:00:00-04:00,2023,3,8,53.75752639770508,49.2769524239324,53.926251269798115,48.96762587558856,428220700,3953196953,212514089556.2248,212.5140895562248,,,,,,,,27.698038,18.110256,4.928413,5.9709187,,,,32.44457773496694,Technology,Communication Equipment,United States,86200,2023-Q3
CSCO,CISCO SYSTEMS INC,2023-09-01 00:00:00-04:00,2023,3,9,50.392398834228516,53.795011693311686,54.54489788899049,49.23944813792121,337682800,3953196953,199211077525.83292,199.2110775258329,,,,,,,,27.698038,18.110256,4.928413,5.9709187,,,,38.803907084848575,Technology,Communication Equipment,United States,86200,2023-Q3
CSCO,CISCO SYSTEMS INC,2023-10-01 00:00:00-04:00,2023,4,10,48.86450958251953,50.46739208659109,51.17041110512139,47.88965568531334,326298700,3953196953,193171030391.4555,193.1710303914555,,,,,,,,27.698038,18.110256,4.928413,5.9709187,,,,18.507945036974704,Technology,Communication Equipment,United States,86200,2023-Q4
CSCO,CISCO SYSTEMS INC,2023-11-01 00:00:00-04:00,2023,4,11,45.67694091796875,49.13245131687603,50.51087815543385,43.61874036108011,471459900,3953196953,180569943659.2751,180.56994365927508,,,,,,,,27.698038,18.110256,4.928413,5.9709187,,,,0.2875724239026045,Technology,Communication Equipment,United States,86200,2023-Q4
CSCO,CISCO SYSTEMS INC,2023-12-01 00:00:00-05:00,2023,4,12,47.6973762512207,45.5825266492196,47.80123097117837,44.93107922616428,392051100,3953196953,188557122462.42026,188.55712246242027,,,,,,,,27.698038,18.110256,4.928413,5.9709187,,,,9.295938021602069,Technology,Communication Equipment,United States,86200,2023-Q4
CSCO,CISCO SYSTEMS INC,2024-01-01 00:00:00-05:00,2024,1,1,47.376365661621094,47.669046776155184,49.680037771023116,46.66826932782034,381561900,3953196953,187288104377.73434,187.28810437773436,,,,,,,,27.698038,18.110256,4.928413,5.9709187,,,,6.262893630325239,Technology,Communication Equipment,United States,86200,2024-Q1
CSCO,CISCO SYSTEMS INC,2024-02-01 00:00:00-05:00,2024,1,2,46.022850036621094,47.79259432127118,48.15415587921645,45.52808254406165,422719800,3953196953,181937390533.14645,181.93739053314644,,,,,,,,27.698038,18.110256,4.928413,5.9709187,,,,2.9375467777170705,Technology,Communication Equipment,United States,86200,2024-Q1
CSCO,CISCO SYSTEMS INC,2024-03-01 00:00:00-05:00,2024,1,3,47.48812484741211,45.77547029409397,48.0970683659617,45.34730574836702,411624900,3953196953,187729910450.47314,187.72991045047314,,,,,,,,27.698038,18.110256,4.928413,5.9709187,,,,-1.6273138317922098,Technology,Communication Equipment,United States,86200,2024-Q1
CSCO,CISCO SYSTEMS INC,2024-04-01 00:00:00-04:00,2024,2,4,44.70029830932617,47.53569357960204,47.76404919319799,44.690785155654794,381816200,3953196953,176709083074.61926,176.70908307461926,,,,,,,,27.698038,18.110256,4.928413,5.9709187,,,,2.455137736622093,Technology,Communication Equipment,United States,86200,2024-Q2
CSCO,CISCO SYSTEMS INC,2024-05-01 00:00:00-04:00,2024,2,5,44.60505676269531,44.79690720105008,48.06794455061136,43.98154375285301,450786900,3953196953,176332574482.67914,176.33257448267915,,,,,,,,27.698038,18.110256,4.928413,5.9709187,,,,-3.4693881931466275,Technology,Communication Equipment,United States,86200,2024-Q2
CSCO,CISCO SYSTEMS INC,2024-06-01 00:00:00-04:00,2024,2,6,45.57389831542969,44.816094720088444,45.90963751316285,43.118224298488684,401425300,3953196953,180162595956.8885,180.16259595688848,,,,,,,,27.698038,18.110256,4.928413,5.9709187,,,,-5.318567363410843,Technology,Communication Equipment,United States,86200,2024-Q2
CSCO,CISCO SYSTEMS INC,2024-07-01 00:00:00-04:00,2024,3,7,46.4755973815918,45.54512502899826,46.78255665392805,43.78970191902803,402734600,3953196953,183727189957.76346,183.72718995776347,13642000000.0,13642.0,8781000000.0,2162000000.0,2730000000.0,3637000000.0,3.3669401472981133,27.698038,18.110256,4.928413,5.9709187,,,,-4.0018800450864145,Technology,Communication Equipment,United States,86200,2024-Q3
CSCO,CISCO SYSTEMS INC,2024-08-01 00:00:00-04:00,2024,3,8,48.89576721191406,47.038229255088304,49.360150778472374,43.05226754085176,456963100,3953196953,193294597956.73596,193.29459795673597,13642000000.0,13642.0,8781000000.0,2162000000.0,2730000000.0,3637000000.0,3.542270157541709,27.698038,18.110256,4.928413,5.9709187,,0.0,,-9.04386699235955,Technology,Communication Equipment,United States,86200,2024-Q3
CSCO,CISCO SYSTEMS INC,2024-09-01 00:00:00-04:00,2024,3,9,51.48857116699219,48.673243643453375,51.575643304445634,46.29327311658979,357881600,3953196953,203544462651.6772,203.54446265167718,13642000000.0,13642.0,8781000000.0,2162000000.0,2730000000.0,3637000000.0,3.7301067045095513,27.698038,18.110256,4.928413,5.9709187,,0.0,,2.1752731723878815,Technology,Communication Equipment,United States,86200,2024-Q3
CSCO,CISCO SYSTEMS INC,2024-10-01 00:00:00-04:00,2024,4,10,52.98814392089844,51.38214957932136,55.20364322848976,50.434032793628106,350534600,3953196953,209472569093.2212,209.47256909322118,13841000000.0,13841.0,9121000000.0,2711000000.0,3023000000.0,3474000000.0,3.783551930735156,27.698038,18.110256,4.928413,5.9709187,,1.458730391438201,,8.43891481488248,Technology,Communication Equipment,United States,86200,2024-Q4
CSCO,CISCO SYSTEMS INC,2024-11-01 00:00:00-04:00,2024,4,11,57.72147750854492,53.363854493453815,58.36488515821725,53.15913100403318,409946000,3953196953,228184369009.4378,228.1843690094378,13841000000.0,13841.0,9121000000.0,2711000000.0,3023000000.0,3474000000.0,4.121529676494434,27.698038,18.110256,4.928413,5.9709187,,0.0,1.458730391438201,26.368965058774307,Technology,Communication Equipment,United States,86200,2024-Q4
CSCO,CISCO SYSTEMS INC,2024-12-01 00:00:00-05:00,2024,4,12,57.711734771728516,57.76047704657378,58.71583976497031,55.83025395608318,412758500,3953196953,228145854051.9413,228.1458540519413,13841000000.0,13841.0,9121000000.0,2711000000.0,3023000000.0,3474000000.0,4.120834008596585,27.698038,18.110256,4.928413,5.9709187,,0.0,1.458730391438201,20.99561717559153,Technology,Communication Equipment,United States,86200,2024-Q4
CSCO,CISCO SYSTEMS INC,2025-01-01 00:00:00-05:00,2025,1,1,59.076534271240234,57.779971971365356,60.75329522206495,56.7076233814298,379916000,3953196953,233541175274.86697,233.541175274867,13991000000.0,13991.0,9111000000.0,2428000000.0,3123000000.0,4052000000.0,4.17306081185882,27.698038,18.110256,4.928413,5.9709187,,1.0837367242251261,2.558275912622787,24.696213916419673,Technology,Communication Equipment,United States,86200,2025-Q1
CSCO,CISCO SYSTEMS INC,2025-02-01 00:00:00-05:00,2025,1,2,62.92417907714844,59.07668407709886,65.26997143648015,58.44852254504295,396285900,3953196953,248751672997.80957,248.75167299780958,13991000000.0,13991.0,9111000000.0,2428000000.0,3123000000.0,4052000000.0,4.444851565252834,27.698038,18.110256,4.928413,5.9709187,,0.0,1.0837367242251261,36.723777486789054,Technology,Communication Equipment,United States,86200,2025-Q1
CSCO,CISCO SYSTEMS INC,2025-03-01 00:00:00-05:00,2025,1,3,60.56856918334961,63.19899838937241,63.67993292108084,58.134441390817976,500274100,3953196953,239439483143.18738,239.43948314318737,13991000000.0,13991.0,9111000000.0,2428000000.0,3123000000.0,4052000000.0,4.2784554918016475,27.698038,18.110256,4.928413,5.9709187,,0.0,1.0837367242251261,27.544663803776892,Technology,Communication Equipment,United States,86200,2025-Q1
CSCO,CISCO SYSTEMS INC,2025-04-01 00:00:00-04:00,2025,2,4,56.66218566894531,60.24467425012005,60.892466285319706,51.14613811199442,543737000,3953196953,223996779736.79486,223.99677973679485,14149000000.0,14149.0,9278000000.0,2491000000.0,3236000000.0,3976000000.0,3.9578199826276568,27.698038,18.110256,4.928413,5.9709187,,1.1292974054749383,2.2252727404089345,26.760195819819476,Technology,Communication Equipment,United States,86200,2025-Q2
CSCO,CISCO SYSTEMS INC,2025-05-01 00:00:00-04:00,2025,2,5,62.28706359863281,57.08988588876331,64.96469498942184,56.99108177666165,428445300,3953196953,246233030029.43243,246.23303002943243,14149000000.0,14149.0,9278000000.0,2491000000.0,3236000000.0,3976000000.0,4.350714361959016,27.698038,18.110256,4.928413,5.9709187,,0.0,1.1292974054749383,39.64126069832861,Technology,Communication Equipment,United States,86200,2025-Q2
CSCO,CISCO SYSTEMS INC,2025-06-01 00:00:00-04:00,2025,2,6,68.55133819580078,61.98076655920338,68.94656219356493,61.96100498240163,432272900,3953196953,270996941279.71216,270.99694127971213,14149000000.0,14149.0,9278000000.0,2491000000.0,3236000000.0,3976000000.0,4.788270218384906,27.698038,18.110256,4.928413,5.9709187,,0.0,1.1292974054749383,50.41798206802017,Technology,Communication Equipment,United States,86200,2025-Q2
CSCO,CISCO SYSTEMS INC,2025-07-01 00:00:00-04:00,2025,3,7,67.2668685913086,68.55133714144786,68.71931242624684,66.1800082678767,374539100,3953196953,265919179953.01254,265.91917995301253,14673000000.0,14673.0,9280000000.0,2550000000.0,3122000000.0,4002000000.0,4.530756831476395,27.698038,18.110256,4.928413,5.9709187,,3.703441939359675,4.8745622185690785,44.73588803820707,Technology,Communication Equipment,United States,86200,2025-Q3
CSCO,CISCO SYSTEMS INC,2025-08-01 00:00:00-04:00,2025,3,8,68.6753158569336,67.10480483359422,72.11455549417215,65.35536628936002,468602700,3953196953,271487049391.94247,271.4870493919425,14673000000.0,14673.0,9280000000.0,2550000000.0,3122000000.0,4002000000.0,4.62562273209198,27.698038,18.110256,4.928413,5.9709187,,0.0,3.703441939359675,40.452476303920236,Technology,Communication Equipment,United States,86200,2025-Q3
CSCO,CISCO SYSTEMS INC,2025-09-01 00:00:00-04:00,2025,3,9,68.00933837890625,67.70120143907502,68.50633735726763,65.73308214797883,398487200,3953196953,268854309255.03815,268.8543092550382,14673000000.0,14673.0,9280000000.0,2550000000.0,3122000000.0,4002000000.0,4.580765849775747,27.698038,18.110256,4.928413,5.9709187,,0.0,3.703441939359675,32.086280192807216,Technology,Communication Equipment,United States,86200,2025-Q3
CSCO,CISCO SYSTEMS INC,2025-10-01 00:00:00-04:00,2025,4,10,70.62999725341797,67.9000015258789,71.23999786376953,66.80999755859375,316909376,3953196953,279214289932.6103,279.2142899326103,,,,,,,,27.698038,18.110256,4.928413,5.9709187,,0.0,3.703441939359675,33.29396356825703,Technology,Communication Equipment,United States,86200,2025-Q4
