ticker,company_name,date,year,quarter,month,close_price,open_price,high_price,low_price,volume,shares_outstanding,market_cap,market_cap_billions,revenue,revenue_millions,gross_profit,net_income,operating_income,ebitda,ps_ratio,current_pe,forward_pe,current_ps,current_pb,peg_ratio,revenue_qoq_pct,revenue_yoy_pct,market_cap_yoy_pct,sector,industry,country,employees,year_quarter
CYBR,CYBERARK SOFTWAR,2015-01-01 00:00:00-05:00,2015,1,1,33.869998931884766,39.779998779296875,40.599998474121094,33.0,9555500,50476952,1709654310.3247986,1.7096543103247985,,,,,,,,,151.0118,21.53179,11.065886,,,,,Technology,Software - Infrastructure,Israel,3793,2015-Q1
CYBR,CYBERARK SOFTWAR,2015-02-01 00:00:00-05:00,2015,1,2,59.27000045776367,34.2599983215332,70.4800033569336,33.0099983215332,59567200,50476952,2991768968.146515,2.991768968146515,,,,,,,,,151.0118,21.53179,11.065886,,,,,Technology,Software - Infrastructure,Israel,3793,2015-Q1
CYBR,CYBERARK SOFTWAR,2015-03-01 00:00:00-05:00,2015,1,3,55.56999969482422,59.79999923706055,63.400001525878906,47.5099983215332,48849300,50476952,2805004207.2356567,2.805004207235657,,,,,,,,,151.0118,21.53179,11.065886,,,,,Technology,Software - Infrastructure,Israel,3793,2015-Q1
CYBR,CYBERARK SOFTWAR,2015-04-01 00:00:00-04:00,2015,2,4,62.95000076293945,55.650001525878906,68.63999938964844,51.15999984741211,41630500,50476952,3177524166.910858,3.177524166910858,,,,,,,,,151.0118,21.53179,11.065886,,,,,Technology,Software - Infrastructure,Israel,3793,2015-Q2
CYBR,CYBERARK SOFTWAR,2015-05-01 00:00:00-04:00,2015,2,5,62.189998626708984,64.87999725341797,69.0,59.41999816894531,36387600,50476952,3139161575.5604553,3.1391615755604554,,,,,,,,,151.0118,21.53179,11.065886,,,,,Technology,Software - Infrastructure,Israel,3793,2015-Q2
CYBR,CYBERARK SOFTWAR,2015-06-01 00:00:00-04:00,2015,2,6,62.81999969482422,62.130001068115234,76.3499984741211,60.29999923706055,72426500,50476952,3170962109.2356567,3.170962109235657,,,,,,,,,151.0118,21.53179,11.065886,,,,,Technology,Software - Infrastructure,Israel,3793,2015-Q2
CYBR,CYBERARK SOFTWAR,2015-07-01 00:00:00-04:00,2015,3,7,59.130001068115234,64.0,65.5,53.19200134277344,52882700,50476952,2984702225.6752014,2.9847022256752016,,,,,,,,,151.0118,21.53179,11.065886,,,,,Technology,Software - Infrastructure,Israel,3793,2015-Q3
CYBR,CYBERARK SOFTWAR,2015-08-01 00:00:00-04:00,2015,3,8,51.04999923706055,59.560001373291016,64.30000305175781,40.630001068115234,46105100,50476952,2576848361.089142,2.5768483610891417,,,,,,,,,151.0118,21.53179,11.065886,,,,,Technology,Software - Infrastructure,Israel,3793,2015-Q3
CYBR,CYBERARK SOFTWAR,2015-09-01 00:00:00-04:00,2015,3,9,50.13999938964844,50.83000183105469,54.7400016784668,44.70000076293945,36471200,50476952,2530914342.4713135,2.5309143424713136,,,,,,,,,151.0118,21.53179,11.065886,,,,,Technology,Software - Infrastructure,Israel,3793,2015-Q3
CYBR,CYBERARK SOFTWAR,2015-10-01 00:00:00-04:00,2015,4,10,49.63999938964844,49.560001373291016,54.7400016784668,45.029998779296875,21753800,50476952,2505675866.4713135,2.5056758664713135,,,,,,,,,151.0118,21.53179,11.065886,,,,,Technology,Software - Infrastructure,Israel,3793,2015-Q4
CYBR,CYBERARK SOFTWAR,2015-11-01 00:00:00-04:00,2015,4,11,43.290000915527344,49.459999084472656,51.95000076293945,37.5099983215332,27638500,50476952,2185147298.29303,2.18514729829303,,,,,,,,,151.0118,21.53179,11.065886,,,,,Technology,Software - Infrastructure,Israel,3793,2015-Q4
CYBR,CYBERARK SOFTWAR,2015-12-01 00:00:00-05:00,2015,4,12,45.13999938964844,43.47999954223633,46.86000061035156,38.0,22049200,50476952,2278529582.4713135,2.2785295824713137,,,,,,,,,151.0118,21.53179,11.065886,,,,,Technology,Software - Infrastructure,Israel,3793,2015-Q4
CYBR,CYBERARK SOFTWAR,2016-01-01 00:00:00-05:00,2016,1,1,43.58000183105469,43.9900016784668,49.560001373291016,36.3380012512207,29700800,50476952,2199785660.5860596,2.1997856605860595,,,,,,,,,151.0118,21.53179,11.065886,,,,28.668447609630874,Technology,Software - Infrastructure,Israel,3793,2016-Q1
CYBR,CYBERARK SOFTWAR,2016-02-01 00:00:00-05:00,2016,1,2,37.470001220703125,43.33000183105469,45.15999984741211,31.5,21534100,50476952,1891371453.057373,1.891371453057373,,,,,,,,,151.0118,21.53179,11.065886,,,,-36.78083190263415,Technology,Software - Infrastructure,Israel,3793,2016-Q1
CYBR,CYBERARK SOFTWAR,2016-03-01 00:00:00-05:00,2016,1,3,42.630001068115234,37.689998626708984,43.06999969482422,36.400001525878906,15382200,50476952,2151832517.6752014,2.1518325176752016,,,,,,,,,151.0118,21.53179,11.065886,,,,-23.285943310728886,Technology,Software - Infrastructure,Israel,3793,2016-Q1
CYBR,CYBERARK SOFTWAR,2016-04-01 00:00:00-04:00,2016,2,4,40.84000015258789,42.209999084472656,43.29999923706055,37.0,11799100,50476952,2061478727.3821716,2.0614787273821715,,,,,,,,,151.0118,21.53179,11.065886,,,,-35.12311412610559,Technology,Software - Infrastructure,Israel,3793,2016-Q2
CYBR,CYBERARK SOFTWAR,2016-05-01 00:00:00-04:00,2016,2,5,45.41999816894531,40.95000076293945,45.630001068115234,38.20000076293945,14829700,50476952,2292663067.4139404,2.2926630674139403,,,,,,,,,151.0118,21.53179,11.065886,,,,-26.965751452133645,Technology,Software - Infrastructure,Israel,3793,2016-Q2
CYBR,CYBERARK SOFTWAR,2016-06-01 00:00:00-04:00,2016,2,6,48.59000015258789,45.959999084472656,51.060001373291016,44.130001068115234,15423100,50476952,2452675105.3821716,2.4526751053821716,,,,,,,,,151.0118,21.53179,11.065886,,,,-22.6520210305075,Technology,Software - Infrastructure,Israel,3793,2016-Q2
CYBR,CYBERARK SOFTWAR,2016-07-01 00:00:00-04:00,2016,3,7,56.38999938964844,48.380001068115234,57.40999984741211,47.81999969482422,14601000,50476952,2846395292.4713135,2.8463952924713136,,,,,,,,,151.0118,21.53179,11.065886,,,,-4.6338603567932175,Technology,Software - Infrastructure,Israel,3793,2016-Q3
CYBR,CYBERARK SOFTWAR,2016-08-01 00:00:00-04:00,2016,3,8,52.79999923706055,56.5,57.56999969482422,50.54100036621094,18717300,50476952,2665183027.089142,2.665183027089142,,,,,,,,,151.0118,21.53179,11.065886,,,,3.42801180441461,Technology,Software - Infrastructure,Israel,3793,2016-Q3
CYBR,CYBERARK SOFTWAR,2016-09-01 00:00:00-04:00,2016,3,9,49.56999969482422,52.70000076293945,59.279998779296875,48.770999908447266,13117100,50476952,2502142495.2356567,2.5021424952356566,,,,,,,,,151.0118,21.53179,11.065886,,,,-1.1368163178356538,Technology,Software - Infrastructure,Israel,3793,2016-Q3
CYBR,CYBERARK SOFTWAR,2016-10-01 00:00:00-04:00,2016,4,10,46.75,49.63999938964844,51.560001373291016,44.56999969482422,8286600,50476952,2359797506.0,2.359797506,,,,,,,,,151.0118,21.53179,11.065886,,,,-5.821916650246973,Technology,Software - Infrastructure,Israel,3793,2016-Q4
CYBR,CYBERARK SOFTWAR,2016-11-01 00:00:00-04:00,2016,4,11,51.0099983215332,46.790000915527344,56.25,44.689998626708984,11582100,50476952,2574829236.796112,2.574829236796112,,,,,,,,,151.0118,21.53179,11.065886,,,,17.83321146393608,Technology,Software - Infrastructure,Israel,3793,2016-Q4
CYBR,CYBERARK SOFTWAR,2016-12-01 00:00:00-05:00,2016,4,12,45.5,51.15999984741211,51.650001525878906,44.77000045776367,9373200,50476952,2296701316.0,2.296701316,,,,,,,,,151.0118,21.53179,11.065886,,,,0.7975201932194143,Technology,Software - Infrastructure,Israel,3793,2016-Q4
CYBR,CYBERARK SOFTWAR,2017-01-01 00:00:00-05:00,2017,1,1,53.060001373291016,45.97999954223633,53.20000076293945,45.61000061035156,8081400,50476952,2678307142.4395447,2.678307142439545,,,,,,,,,151.0118,21.53179,11.065886,,,,21.753095786886757,Technology,Software - Infrastructure,Israel,3793,2017-Q1
CYBR,CYBERARK SOFTWAR,2017-02-01 00:00:00-05:00,2017,1,2,50.58000183105469,53.029998779296875,55.650001525878906,49.9119987487793,11371400,50476952,2553124324.5860596,2.5531243245860598,,,,,,,,,151.0118,21.53179,11.065886,,,,34.98799088137727,Technology,Software - Infrastructure,Israel,3793,2017-Q1
CYBR,CYBERARK SOFTWAR,2017-03-01 00:00:00-05:00,2017,1,3,50.869998931884766,50.31999969482422,52.459999084472656,47.61000061035156,9145100,50476952,2567762494.3247986,2.5677624943247985,,,,,,,,,151.0118,21.53179,11.065886,,,,19.329105459330066,Technology,Software - Infrastructure,Israel,3793,2017-Q1
CYBR,CYBERARK SOFTWAR,2017-04-01 00:00:00-04:00,2017,2,4,52.90999984741211,51.119998931884766,54.040000915527344,50.220001220703125,7282100,50476952,2670735522.6178284,2.670735522617828,,,,,,,,,151.0118,21.53179,11.065886,,,,29.554357614416872,Technology,Software - Infrastructure,Israel,3793,2017-Q2
CYBR,CYBERARK SOFTWAR,2017-05-01 00:00:00-04:00,2017,2,5,49.0099983215332,52.970001220703125,55.630001068115234,45.970001220703125,25640000,50476952,2473875332.796112,2.473875332796112,,,,,,,,,151.0118,21.53179,11.065886,,,,7.90400769994406,Technology,Software - Infrastructure,Israel,3793,2017-Q2
CYBR,CYBERARK SOFTWAR,2017-06-01 00:00:00-04:00,2017,2,6,49.95000076293945,49.369998931884766,51.2400016784668,46.150001525878906,10449900,50476952,2521323790.910858,2.5213237909108583,,,,,,,,,151.0118,21.53179,11.065886,,,,2.7989310682871693,Technology,Software - Infrastructure,Israel,3793,2017-Q2
CYBR,CYBERARK SOFTWAR,2017-07-01 00:00:00-04:00,2017,3,7,41.68000030517578,50.02000045776367,51.2599983215332,41.31999969482422,24583200,50476952,2103879374.7643433,2.103879374764343,,,,,,,,,151.0118,21.53179,11.065886,,,,-26.086184152669066,Technology,Software - Infrastructure,Israel,3793,2017-Q3
CYBR,CYBERARK SOFTWAR,2017-08-01 00:00:00-04:00,2017,3,8,40.0099983215332,42.0,42.40999984741211,39.34000015258789,16711900,50476952,2019582764.796112,2.019582764796112,,,,,,,,,151.0118,21.53179,11.065886,,,,-24.223486932458115,Technology,Software - Infrastructure,Israel,3793,2017-Q3
CYBR,CYBERARK SOFTWAR,2017-09-01 00:00:00-04:00,2017,3,9,41.0,40.15999984741211,43.29999923706055,40.15999984741211,9867900,50476952,2069555032.0,2.069555032,,,,,,,,,151.0118,21.53179,11.065886,,,,-17.288682161761326,Technology,Software - Infrastructure,Israel,3793,2017-Q3
CYBR,CYBERARK SOFTWAR,2017-10-01 00:00:00-04:00,2017,4,10,42.369998931884766,41.060001373291016,44.189998626708984,40.619998931884766,11300800,50476952,2138708402.3247986,2.1387084023247986,,,,,,,,,151.0118,21.53179,11.065886,,,,-9.368986241957721,Technology,Software - Infrastructure,Israel,3793,2017-Q4
CYBR,CYBERARK SOFTWAR,2017-11-01 00:00:00-04:00,2017,4,11,47.060001373291016,42.4900016784668,47.7400016784668,40.65999984741211,9729200,50476952,2375445430.4395447,2.3754454304395445,,,,,,,,,151.0118,21.53179,11.065886,,,,-7.743573962390715,Technology,Software - Infrastructure,Israel,3793,2017-Q4
CYBR,CYBERARK SOFTWAR,2017-12-01 00:00:00-05:00,2017,4,12,41.38999938964844,47.099998474121094,47.099998474121094,41.095001220703125,10001500,50476952,2089241012.4713135,2.0892410124713137,,,,,,,,,151.0118,21.53179,11.065886,,,,-9.032968374399042,Technology,Software - Infrastructure,Israel,3793,2017-Q4
CYBR,CYBERARK SOFTWAR,2018-01-01 00:00:00-05:00,2018,1,1,43.279998779296875,41.599998474121094,44.29999923706055,40.630001068115234,9857000,50476952,2184642420.942627,2.184642420942627,,,,,,,,,151.0118,21.53179,11.065886,,,,-18.431968226290195,Technology,Software - Infrastructure,Israel,3793,2018-Q1
CYBR,CYBERARK SOFTWAR,2018-02-01 00:00:00-05:00,2018,1,2,49.5099983215332,43.08000183105469,50.11000061035156,41.55400085449219,11801300,50476952,2499113808.796112,2.4991138087961122,,,,,,,,,151.0118,21.53179,11.065886,,,,-2.115467518359271,Technology,Software - Infrastructure,Israel,3793,2018-Q1
CYBR,CYBERARK SOFTWAR,2018-03-01 00:00:00-05:00,2018,1,3,51.02000045776367,49.41999816894531,52.900001525878906,48.66999816894531,9498200,50476952,2575334114.146515,2.5753341141465147,,,,,,,,,151.0118,21.53179,11.065886,,,,0.29487228037838875,Technology,Software - Infrastructure,Israel,3793,2018-Q1
CYBR,CYBERARK SOFTWAR,2018-04-01 00:00:00-04:00,2018,2,4,54.959999084472656,50.880001068115234,55.189998626708984,48.599998474121094,6488300,50476952,2774213235.70697,2.7742132357069704,,,,,,,,,151.0118,21.53179,11.065886,,,,3.8745024437206066,Technology,Software - Infrastructure,Israel,3793,2018-Q2
CYBR,CYBERARK SOFTWAR,2018-05-01 00:00:00-04:00,2018,2,5,60.849998474121094,54.709999084472656,61.68000030517578,54.18000030517578,10120500,50476952,3071522452.1782837,3.0715224521782836,,,,,,,,,151.0118,21.53179,11.065886,,,,24.158336172367978,Technology,Software - Infrastructure,Israel,3793,2018-Q2
CYBR,CYBERARK SOFTWAR,2018-06-01 00:00:00-04:00,2018,2,6,62.959999084472656,61.52000045776367,67.6500015258789,61.119998931884766,8008600,50476952,3178028851.70697,3.17802885170697,,,,,,,,,151.0118,21.53179,11.065886,,,,26.046042287923264,Technology,Software - Infrastructure,Israel,3793,2018-Q2
CYBR,CYBERARK SOFTWAR,2018-07-01 00:00:00-04:00,2018,3,7,60.709999084472656,62.970001220703125,69.97000122070312,59.02000045776367,6562000,50476952,3064455709.70697,3.0644557097069702,,,,,,,,,151.0118,21.53179,11.065886,,,,45.65738637226868,Technology,Software - Infrastructure,Israel,3793,2018-Q3
CYBR,CYBERARK SOFTWAR,2018-08-01 00:00:00-04:00,2018,3,8,75.41999816894531,60.27000045776367,75.55000305175781,60.04999923706055,13429200,50476952,3806971627.4139404,3.8069716274139402,,,,,,,,,151.0118,21.53179,11.065886,,,,88.5028776128556,Technology,Software - Infrastructure,Israel,3793,2018-Q3
CYBR,CYBERARK SOFTWAR,2018-09-01 00:00:00-04:00,2018,3,9,79.83999633789062,75.5999984741211,79.98999786376953,71.53500366210938,11108700,50476952,4030079662.827881,4.030079662827881,,,,,,,,,151.0118,21.53179,11.065886,,,,94.7316983850991,Technology,Software - Infrastructure,Israel,3793,2018-Q3
CYBR,CYBERARK SOFTWAR,2018-10-01 00:00:00-04:00,2018,4,10,68.26000213623047,80.75,81.23999786376953,65.8499984741211,11913300,50476952,3445556851.350403,3.445556851350403,,,,,,,,,151.0118,21.53179,11.065886,,,,61.104564212916834,Technology,Software - Infrastructure,Israel,3793,2018-Q4
CYBR,CYBERARK SOFTWAR,2018-11-01 00:00:00-04:00,2018,4,11,74.13999938964844,68.52999877929688,84.20999908447266,64.66000366210938,16389600,50476952,3742361190.4713135,3.7423611904713137,,,,,,,,,151.0118,21.53179,11.065886,,,,57.54355551661059,Technology,Software - Infrastructure,Israel,3793,2018-Q4
CYBR,CYBERARK SOFTWAR,2018-12-01 00:00:00-05:00,2018,4,12,74.13999938964844,76.36000061035156,79.16000366210938,65.9000015258789,10107400,50476952,3742361190.4713135,3.7423611904713137,,,,,,,,,151.0118,21.53179,11.065886,,,,79.1253937737209,Technology,Software - Infrastructure,Israel,3793,2018-Q4
CYBR,CYBERARK SOFTWAR,2019-01-01 00:00:00-05:00,2019,1,1,87.76000213623047,72.9000015258789,88.93699645996094,69.1500015258789,16932800,50476952,4429857415.350403,4.429857415350403,,,,,,,,,151.0118,21.53179,11.065886,,,,102.77265390823152,Technology,Software - Infrastructure,Israel,3793,2019-Q1
CYBR,CYBERARK SOFTWAR,2019-02-01 00:00:00-05:00,2019,1,2,109.7699966430664,87.63999938964844,111.12999725341797,83.01000213623047,21797200,50476952,5540854851.592224,5.540854851592224,,,,,,,,,151.0118,21.53179,11.065886,,,,121.7127860319974,Technology,Software - Infrastructure,Israel,3793,2019-Q1
CYBR,CYBERARK SOFTWAR,2019-03-01 00:00:00-05:00,2019,1,3,119.05000305175781,111.88999938964844,119.4000015258789,102.62000274658203,18108400,50476952,6009281289.643433,6.0092812896434324,,,,,,,,,151.0118,21.53179,11.065886,,,,133.33987060684564,Technology,Software - Infrastructure,Israel,3793,2019-Q1
CYBR,CYBERARK SOFTWAR,2019-04-01 00:00:00-04:00,2019,2,4,128.92999267578125,121.0,129.92999267578125,111.25,16698600,50476952,6507993051.655762,6.507993051655761,,,,,,,,,151.0118,21.53179,11.065886,,,,134.58878242995942,Technology,Software - Infrastructure,Israel,3793,2019-Q2
CYBR,CYBERARK SOFTWAR,2019-05-01 00:00:00-04:00,2019,2,5,132.0500030517578,129.3800048828125,138.73300170898438,119.31999969482422,26446800,50476952,6665481665.643433,6.665481665643433,,,,,,,,,151.0118,21.53179,11.065886,,,,117.0090490765047,Technology,Software - Infrastructure,Israel,3793,2019-Q2
CYBR,CYBERARK SOFTWAR,2019-06-01 00:00:00-04:00,2019,2,6,127.83999633789062,131.5399932861328,135.5800018310547,118.5009994506836,15077600,50476952,6452973358.827881,6.452973358827881,,,,,,,,,151.0118,21.53179,11.065886,,,,103.04955240925158,Technology,Software - Infrastructure,Israel,3793,2019-Q2
CYBR,CYBERARK SOFTWAR,2019-07-01 00:00:00-04:00,2019,3,7,138.8800048828125,130.80999755859375,148.74000549316406,124.7699966430664,16106400,50476952,7010239340.229492,7.010239340229492,,,,,,,,,151.0118,21.53179,11.065886,,,,128.7596886463021,Technology,Software - Infrastructure,Israel,3793,2019-Q3
CYBR,CYBERARK SOFTWAR,2019-08-01 00:00:00-04:00,2019,3,8,112.33999633789062,139.89999389648438,141.64999389648438,109.23999786376953,19566900,50476952,5670580602.827881,5.670580602827881,,,,,,,,,151.0118,21.53179,11.065886,,,,48.95253124541625,Technology,Software - Infrastructure,Israel,3793,2019-Q3
CYBR,CYBERARK SOFTWAR,2019-09-01 00:00:00-04:00,2019,3,9,99.81999969482422,110.69999694824219,116.93000030517578,96.81999969482422,17394900,50476952,5038609333.235657,5.038609333235657,,,,,,,,,151.0118,21.53179,11.065886,,,,25.025055452628386,Technology,Software - Infrastructure,Israel,3793,2019-Q3
CYBR,CYBERARK SOFTWAR,2019-10-01 00:00:00-04:00,2019,4,10,101.58000183105469,99.91000366210938,106.80699920654297,94.30000305175781,14274700,50476952,5127448876.58606,5.12744887658606,,,,,,,,,151.0118,21.53179,11.065886,,,,48.81335870503718,Technology,Software - Infrastructure,Israel,3793,2019-Q4
CYBR,CYBERARK SOFTWAR,2019-11-01 00:00:00-04:00,2019,4,11,122.55000305175781,102.81999969482422,124.66999816894531,102.5,16765600,50476952,6185950621.643433,6.185950621643433,,,,,,,,,151.0118,21.53179,11.065886,,,,65.29539258246673,Technology,Software - Infrastructure,Israel,3793,2019-Q4
CYBR,CYBERARK SOFTWAR,2019-12-01 00:00:00-05:00,2019,4,12,116.58000183105469,122.54000091552734,127.49600219726562,115.13700103759766,10528700,50476952,5884603156.58606,5.88460315658606,,,,,,,,,151.0118,21.53179,11.065886,,,,57.24305744643936,Technology,Software - Infrastructure,Israel,3793,2019-Q4
CYBR,CYBERARK SOFTWAR,2020-01-01 00:00:00-05:00,2020,1,1,138.22999572753906,118.19000244140625,142.98899841308594,117.12000274658203,14457100,50476952,6977428859.299194,6.977428859299194,,,,,,,,,151.0118,21.53179,11.065886,,,,57.50910706789143,Technology,Software - Infrastructure,Israel,3793,2020-Q1
CYBR,CYBERARK SOFTWAR,2020-02-01 00:00:00-05:00,2020,1,2,104.69999694824219,138.9499969482422,144.89999389648438,101.0,22096600,50476952,5284936720.356567,5.284936720356567,,,,,,,,,151.0118,21.53179,11.065886,,,,-4.618748155117547,Technology,Software - Infrastructure,Israel,3793,2020-Q1
CYBR,CYBERARK SOFTWAR,2020-03-01 00:00:00-05:00,2020,1,3,85.55999755859375,105.8499984741211,107.61100006103516,69.50499725341797,16571700,50476952,4318807889.885254,4.318807889885254,,,,,,,,,151.0118,21.53179,11.065886,,,,-28.13104127229972,Technology,Software - Infrastructure,Israel,3793,2020-Q1
CYBR,CYBERARK SOFTWAR,2020-04-01 00:00:00-04:00,2020,2,4,98.76000213623047,82.80999755859375,100.54000091552734,75.12999725341797,12613000,50476952,4985103887.350403,4.9851038873504026,,,,,,,,,151.0118,21.53179,11.065886,,,,-23.400288725230055,Technology,Software - Infrastructure,Israel,3793,2020-Q2
CYBR,CYBERARK SOFTWAR,2020-05-01 00:00:00-04:00,2020,2,5,103.77999877929688,97.08000183105469,117.41000366210938,93.04000091552734,16247000,50476952,5238498016.942627,5.238498016942627,,,,,,,,,151.0118,21.53179,11.065886,,,,-21.40856010535671,Technology,Software - Infrastructure,Israel,3793,2020-Q2
CYBR,CYBERARK SOFTWAR,2020-06-01 00:00:00-04:00,2020,2,6,99.2699966430664,104.0,108.43000030517578,92.61000061035156,9924600,50476952,5010846855.592224,5.0108468555922245,,,,,,,,,151.0118,21.53179,11.065886,,,,-22.34824821123398,Technology,Software - Infrastructure,Israel,3793,2020-Q2
CYBR,CYBERARK SOFTWAR,2020-07-01 00:00:00-04:00,2020,3,7,117.83999633789062,99.26000213623047,120.5,98.56999969482422,10753400,50476952,5948203838.827881,5.948203838827881,,,,,,,,,151.0118,21.53179,11.065886,,,,-15.149775205347604,Technology,Software - Infrastructure,Israel,3793,2020-Q3
CYBR,CYBERARK SOFTWAR,2020-08-01 00:00:00-04:00,2020,3,8,110.5,118.75,120.75,104.76000213623047,9415000,50476952,5577703196.0,5.577703196,,,,,,,,,151.0118,21.53179,11.065886,,,,-1.6378817855364547,Technology,Software - Infrastructure,Israel,3793,2020-Q3
CYBR,CYBERARK SOFTWAR,2020-09-01 00:00:00-04:00,2020,3,9,103.41999816894531,110.77999877929688,114.41000366210938,95.66000366210938,9760800,50476952,5220326283.41394,5.22032628341394,,,,,,,,,151.0118,21.53179,11.065886,,,,3.6064901674286,Technology,Software - Infrastructure,Israel,3793,2020-Q3
CYBR,CYBERARK SOFTWAR,2020-10-01 00:00:00-04:00,2020,4,10,99.1500015258789,104.77999877929688,116.43499755859375,98.23999786376953,6712100,50476952,5004789867.821716,5.004789867821716,,,,,,,,,151.0118,21.53179,11.065886,,,,-2.3922034469120224,Technology,Software - Infrastructure,Israel,3793,2020-Q4
CYBR,CYBERARK SOFTWAR,2020-11-01 00:00:00-04:00,2020,4,11,114.87000274658203,100.0,115.52999877929688,95.12000274658203,9091500,50476952,5798287614.879089,5.798287614879089,,,,,,,,,151.0118,21.53179,11.065886,,,,-6.266829958325015,Technology,Software - Infrastructure,Israel,3793,2020-Q4
CYBR,CYBERARK SOFTWAR,2020-12-01 00:00:00-05:00,2020,4,12,161.58999633789062,114.54000091552734,167.33999633789062,105.5,15746400,50476952,8156570488.827881,8.156570488827882,,,,,,,,,151.0118,21.53179,11.065886,,,,38.608675415928964,Technology,Software - Infrastructure,Israel,3793,2020-Q4
CYBR,CYBERARK SOFTWAR,2021-01-01 00:00:00-05:00,2021,1,1,160.25,161.86000061035156,169.6999969482422,142.77999877929688,10463100,50476952,8088931558.0,8.088931558,,,,,,,,,151.0118,21.53179,11.065886,,,,15.929975369357518,Technology,Software - Infrastructure,Israel,3793,2021-Q1
CYBR,CYBERARK SOFTWAR,2021-02-01 00:00:00-05:00,2021,1,2,146.8300018310547,160.52999877929688,169.4149932861328,145.06500244140625,13157800,50476952,7411530954.58606,7.41153095458606,,,,,,,,,151.0118,21.53179,11.065886,,,,40.23878329589561,Technology,Software - Infrastructure,Israel,3793,2021-Q1
CYBR,CYBERARK SOFTWAR,2021-03-01 00:00:00-05:00,2021,1,3,129.33999633789062,150.17999267578125,152.73500061035156,125.1500015258789,10976600,50476952,6528688786.827881,6.528688786827881,,,,,,,,,151.0118,21.53179,11.065886,,,,51.16877048683315,Technology,Software - Infrastructure,Israel,3793,2021-Q1
CYBR,CYBERARK SOFTWAR,2021-04-01 00:00:00-04:00,2021,2,4,140.5,131.6999969482422,154.3699951171875,131.0500030517578,9673700,50476952,7092011756.0,7.092011756,,,,,,,,,151.0118,21.53179,11.065886,,,,42.26407144685253,Technology,Software - Infrastructure,Israel,3793,2021-Q2
CYBR,CYBERARK SOFTWAR,2021-05-01 00:00:00-04:00,2021,2,5,126.54000091552734,141.80999755859375,142.0,113.33999633789062,12111700,50476952,6387353552.29303,6.38735355229303,,,,,,,,,151.0118,21.53179,11.065886,,,,21.93101021771342,Technology,Software - Infrastructure,Israel,3793,2021-Q2
CYBR,CYBERARK SOFTWAR,2021-06-01 00:00:00-04:00,2021,2,6,130.27000427246094,127.88999938964844,143.0,122.94000244140625,8032500,50476952,6575632752.700806,6.575632752700805,,,,,,,,,151.0118,21.53179,11.065886,,,,31.22797287971879,Technology,Software - Infrastructure,Israel,3793,2021-Q2
CYBR,CYBERARK SOFTWAR,2021-07-01 00:00:00-04:00,2021,3,7,142.02999877929688,130.47999572753906,147.35000610351562,129.89999389648438,7308400,50476952,7169241430.942627,7.169241430942627,,,,,,,,,151.0118,21.53179,11.065886,,,,20.527837061403687,Technology,Software - Infrastructure,Israel,3793,2021-Q3
CYBR,CYBERARK SOFTWAR,2021-08-01 00:00:00-04:00,2021,3,8,167.94000244140625,142.3300018310547,171.0,134.57000732421875,9261100,50476952,8477099442.114746,8.477099442114746,,,,,,,,,151.0118,21.53179,11.065886,,,,51.9819026619061,Technology,Software - Infrastructure,Israel,3793,2021-Q3
CYBR,CYBERARK SOFTWAR,2021-09-01 00:00:00-04:00,2021,3,9,157.82000732421875,167.94000244140625,171.33999633789062,155.02000427246094,5788300,50476952,7966272934.344238,7.966272934344238,,,,,,,,,151.0118,21.53179,11.065886,,,,52.60105406925886,Technology,Software - Infrastructure,Israel,3793,2021-Q3
CYBR,CYBERARK SOFTWAR,2021-10-01 00:00:00-04:00,2021,4,10,180.11000061035156,158.52000427246094,187.8699951171875,152.92999267578125,7357700,50476952,9091403855.528687,9.091403855528686,,,,,,,,,151.0118,21.53179,11.065886,,,,81.65405732579991,Technology,Software - Infrastructure,Israel,3793,2021-Q4
CYBR,CYBERARK SOFTWAR,2021-11-01 00:00:00-04:00,2021,4,11,172.85000610351562,180.97000122070312,201.67999267578125,171.05999755859375,7467000,50476952,8724941461.286865,8.724941461286866,,,,,,,,,151.0118,21.53179,11.065886,,,,50.47445109307163,Technology,Software - Infrastructure,Israel,3793,2021-Q4
CYBR,CYBERARK SOFTWAR,2021-12-01 00:00:00-05:00,2021,4,12,173.27999877929688,175.86000061035156,179.49000549316406,145.89999389648438,8792000,50476952,8746646180.942627,8.746646180942626,,,,,,,,,151.0118,21.53179,11.065886,,,,7.234360236608972,Technology,Software - Infrastructure,Israel,3793,2021-Q4
CYBR,CYBERARK SOFTWAR,2022-01-01 00:00:00-05:00,2022,1,1,137.14999389648438,173.74000549316406,173.74000549316406,125.0199966430664,8315400,50476952,6922913658.713135,6.922913658713135,,,,,,,,,151.0118,21.53179,11.065886,,,,-14.414980407810063,Technology,Software - Infrastructure,Israel,3793,2022-Q1
CYBR,CYBERARK SOFTWAR,2022-02-01 00:00:00-05:00,2022,1,2,170.13999938964844,137.55999755859375,171.1199951171875,129.4499969482422,10058800,50476952,8588148582.471313,8.588148582471314,,,,,,,,,151.0118,21.53179,11.065886,,,,15.875500420829969,Technology,Software - Infrastructure,Israel,3793,2022-Q1
CYBR,CYBERARK SOFTWAR,2022-03-01 00:00:00-05:00,2022,1,3,168.75,171.75999450683594,173.86000061035156,139.00999450683594,10174300,50476952,8517985650.0,8.51798565,,,,,,,,,151.0118,21.53179,11.065886,,,,30.47008255602066,Technology,Software - Infrastructure,Israel,3793,2022-Q1
CYBR,CYBERARK SOFTWAR,2022-04-01 00:00:00-04:00,2022,2,4,157.13999938964844,169.74000549316406,180.00999450683594,155.08999633789062,7526200,50476952,7931948206.471313,7.931948206471313,,,,,,,,,151.0118,21.53179,11.065886,,,,11.843415935692846,Technology,Software - Infrastructure,Israel,3793,2022-Q2
CYBR,CYBERARK SOFTWAR,2022-05-01 00:00:00-04:00,2022,2,5,138.89999389648438,157.57000732421875,158.9949951171875,100.3499984741211,11167500,50476952,7011248324.713135,7.011248324713135,,,,,,,,,151.0118,21.53179,11.065886,,,,9.767656781674926,Technology,Software - Infrastructure,Israel,3793,2022-Q2
CYBR,CYBERARK SOFTWAR,2022-06-01 00:00:00-04:00,2022,2,6,127.95999908447266,140.58999633789062,146.89999389648438,116.29000091552734,7378700,50476952,6459030731.70697,6.45903073170697,,,,,,,,,151.0118,21.53179,11.065886,,,,-1.7732441177762515,Technology,Software - Infrastructure,Israel,3793,2022-Q2
CYBR,CYBERARK SOFTWAR,2022-07-01 00:00:00-04:00,2022,3,7,130.1300048828125,127.51000213623047,144.82000732421875,123.16500091552734,6504400,50476952,6568566010.229492,6.5685660102294925,,,,,,,,,151.0118,21.53179,11.065886,,,,-8.378507356728203,Technology,Software - Infrastructure,Israel,3793,2022-Q3
CYBR,CYBERARK SOFTWAR,2022-08-01 00:00:00-04:00,2022,3,8,144.27999877929688,128.47000122070312,160.0,126.58000183105469,9759500,50476952,7282814572.942627,7.282814572942627,,,,,,,,,151.0118,21.53179,11.065886,,,,-14.088366868021385,Technology,Software - Infrastructure,Israel,3793,2022-Q3
CYBR,CYBERARK SOFTWAR,2022-09-01 00:00:00-04:00,2022,3,9,149.94000244140625,142.41000366210938,159.9199981689453,135.1300048828125,7881700,50476952,7568514306.114746,7.568514306114746,,,,,,,,,151.0118,21.53179,11.065886,,,,-4.993032896408467,Technology,Software - Infrastructure,Israel,3793,2022-Q3
CYBR,CYBERARK SOFTWAR,2022-10-01 00:00:00-04:00,2022,4,10,156.91000366210938,150.55999755859375,162.61000061035156,132.5800018310547,9011500,50476952,7920338723.172119,7.920338723172119,,,,,,,,,151.0118,21.53179,11.065886,,,,-12.881015418145969,Technology,Software - Infrastructure,Israel,3793,2022-Q4
CYBR,CYBERARK SOFTWAR,2022-11-01 00:00:00-04:00,2022,4,11,149.07000732421875,157.91000366210938,165.17999267578125,134.02999877929688,11625600,50476952,7524599604.344238,7.524599604344238,,,,,,,,,151.0118,21.53179,11.065886,,,,-13.757592096962734,Technology,Software - Infrastructure,Israel,3793,2022-Q4
CYBR,CYBERARK SOFTWAR,2022-12-01 00:00:00-05:00,2022,4,12,129.64999389648438,147.97000122070312,159.0500030517578,121.3499984741211,9438700,50476952,6544336518.713135,6.544336518713135,,,,,,,,,151.0118,21.53179,11.065886,,,,-25.178904195621055,Technology,Software - Infrastructure,Israel,3793,2022-Q4
CYBR,CYBERARK SOFTWAR,2023-01-01 00:00:00-05:00,2023,1,1,140.8800048828125,131.6999969482422,141.63999938964844,113.19000244140625,9981600,50476952,7111193244.229492,7.111193244229492,,,,,,,,,151.0118,21.53179,11.065886,,,,2.719658149706805,Technology,Software - Infrastructure,Israel,3793,2023-Q1
CYBR,CYBERARK SOFTWAR,2023-02-01 00:00:00-05:00,2023,1,2,144.77000427246094,141.3000030517578,162.88999938964844,139.42999267578125,8718700,50476952,7307548556.700806,7.307548556700806,,,,,,,,,151.0118,21.53179,11.065886,,,,-14.911246742799179,Technology,Software - Infrastructure,Israel,3793,2023-Q1
CYBR,CYBERARK SOFTWAR,2023-03-01 00:00:00-05:00,2023,1,3,147.97999572753906,145.08999633789062,154.8730010986328,135.00999450683594,7451100,50476952,7469579141.299194,7.469579141299194,,,,,,,,,151.0118,21.53179,11.065886,,,,-12.308150679976848,Technology,Software - Infrastructure,Israel,3793,2023-Q1
CYBR,CYBERARK SOFTWAR,2023-04-01 00:00:00-04:00,2023,2,4,124.5999984741211,146.92999267578125,146.92999267578125,121.44000244140625,9763700,50476952,6289428142.178284,6.289428142178283,,,,,,,,,151.0118,21.53179,11.065886,,,,-20.707649893036027,Technology,Software - Infrastructure,Israel,3793,2023-Q2
CYBR,CYBERARK SOFTWAR,2023-05-01 00:00:00-04:00,2023,2,5,154.72999572753906,123.0999984741211,159.60499572753906,120.11000061035156,12449000,50476952,7810298567.299194,7.810298567299195,,,,,,,,,151.0118,21.53179,11.065886,,,,11.396690083983763,Technology,Software - Infrastructure,Israel,3793,2023-Q2
CYBR,CYBERARK SOFTWAR,2023-06-01 00:00:00-04:00,2023,2,6,156.3300018310547,151.2100067138672,160.25,146.4199981689453,7941400,50476952,7891061998.58606,7.89106199858606,,,,,,,,,151.0118,21.53179,11.065886,,,,22.170993239733928,Technology,Software - Infrastructure,Israel,3793,2023-Q2
CYBR,CYBERARK SOFTWAR,2023-07-01 00:00:00-04:00,2023,3,7,166.00999450683594,156.00999450683594,169.33999633789062,152.3800048828125,6385600,50476952,8379678524.241821,8.379678524241822,,,,,,,,,151.0118,21.53179,11.065886,,,,27.572418564292576,Technology,Software - Infrastructure,Israel,3793,2023-Q3
CYBR,CYBERARK SOFTWAR,2023-08-01 00:00:00-04:00,2023,3,8,166.0399932861328,166.0,167.91000366210938,142.9199981689453,7870900,50476952,8381192771.184448,8.381192771184448,,,,,,,,,151.0118,21.53179,11.065886,,,,15.081781737551792,Technology,Software - Infrastructure,Israel,3793,2023-Q3
CYBR,CYBERARK SOFTWAR,2023-09-01 00:00:00-04:00,2023,3,9,163.77000427246094,167.02999877929688,174.93499755859375,159.48500061035156,7993600,50476952,8266610644.700806,8.266610644700807,,,,,,,,,151.0118,21.53179,11.065886,,,,9.223690546796682,Technology,Software - Infrastructure,Israel,3793,2023-Q3
CYBR,CYBERARK SOFTWAR,2023-10-01 00:00:00-04:00,2023,4,10,163.63999938964844,164.8800048828125,171.6199951171875,152.02999877929688,10856400,50476952,8260048394.471313,8.260048394471314,,,,,,,,,151.0118,21.53179,11.065886,,,,4.28908009079616,Technology,Software - Infrastructure,Israel,3793,2023-Q4
CYBR,CYBERARK SOFTWAR,2023-11-01 00:00:00-04:00,2023,4,11,199.27000427246094,164.7100067138672,200.7100067138672,159.0399932861328,11200500,50476952,10058542440.700806,10.058542440700805,,,,,,,,,151.0118,21.53179,11.065886,,,,33.675450782705106,Technology,Software - Infrastructure,Israel,3793,2023-Q4
CYBR,CYBERARK SOFTWAR,2023-12-01 00:00:00-05:00,2023,4,12,219.0500030517578,197.19000244140625,222.50999450683594,195.49000549316406,10087900,50476952,11056976489.643433,11.056976489643432,,,,,,,,,151.0118,21.53179,11.065886,,,,68.95488882679972,Technology,Software - Infrastructure,Israel,3793,2023-Q4
CYBR,CYBERARK SOFTWAR,2024-01-01 00:00:00-05:00,2024,1,1,233.47999572753906,214.83999633789062,241.36199951171875,205.58999633789062,12373700,50476952,11785358537.299194,11.785358537299194,,,,,,,,,151.0118,21.53179,11.065886,,,,65.72969025785707,Technology,Software - Infrastructure,Israel,3793,2024-Q1
CYBR,CYBERARK SOFTWAR,2024-02-01 00:00:00-05:00,2024,1,2,263.760009765625,236.0,283.0,223.08999633789062,16682700,50476952,13313801352.458984,13.313801352458984,,,,,,,,,151.0118,21.53179,11.065886,,,,82.19244455448226,Technology,Software - Infrastructure,Israel,3793,2024-Q1
CYBR,CYBERARK SOFTWAR,2024-03-01 00:00:00-05:00,2024,1,3,265.6300048828125,262.94000244140625,277.9700012207031,249.1999969482422,9733300,50476952,13408193006.229492,13.408193006229492,,,,,,,,,151.0118,21.53179,11.065886,,,,79.5039955075352,Technology,Software - Infrastructure,Israel,3793,2024-Q1
CYBR,CYBERARK SOFTWAR,2024-04-01 00:00:00-04:00,2024,2,4,239.25,264.989990234375,267.5199890136719,230.3800048828125,8666400,50476952,12076610766.0,12.076610766,224706000.0,224.706,179688000.0,-12923000.0,-23976000.0,-19951000.0,13.436012796721048,,151.0118,21.53179,11.065886,,,,92.0144485793804,Technology,Software - Infrastructure,Israel,3793,2024-Q2
CYBR,CYBERARK SOFTWAR,2024-05-01 00:00:00-04:00,2024,2,5,229.25,239.05999755859375,252.74000549316406,223.40699768066406,12293200,50476952,11571841246.0,11.571841246,224706000.0,224.706,179688000.0,-12923000.0,-23976000.0,-19951000.0,12.874423965092165,,151.0118,21.53179,11.065886,,0.0,,48.16131734643212,Technology,Software - Infrastructure,Israel,3793,2024-Q2
CYBR,CYBERARK SOFTWAR,2024-06-01 00:00:00-04:00,2024,2,6,273.4200134277344,230.35000610351562,273.8599853515625,225.8800048828125,11139700,50476952,13801408893.631104,13.801408893631104,224706000.0,224.706,179688000.0,-12923000.0,-23976000.0,-19951000.0,15.354962588483511,,151.0118,21.53179,11.065886,,0.0,,74.89925812398982,Technology,Software - Infrastructure,Israel,3793,2024-Q2
CYBR,CYBERARK SOFTWAR,2024-07-01 00:00:00-04:00,2024,3,7,256.3800048828125,272.8999938964844,284.1000061035156,249.0500030517578,8931700,50476952,12941281200.229492,12.941281200229492,240102000.0,240.102,192917000.0,11110000.0,-11090000.0,-7153000.0,13.47477447108884,,151.0118,21.53179,11.065886,,6.851619449413904,,54.43648778161685,Technology,Software - Infrastructure,Israel,3793,2024-Q3
CYBR,CYBERARK SOFTWAR,2024-08-01 00:00:00-04:00,2024,3,8,286.739990234375,257.5199890136719,293.30999755859375,230.0,10958200,50476952,14473760723.541016,14.473760723541016,240102000.0,240.102,192917000.0,11110000.0,-11090000.0,-7153000.0,15.070429154631173,,151.0118,21.53179,11.065886,,0.0,6.851619449413904,72.69332801058522,Technology,Software - Infrastructure,Israel,3793,2024-Q3
CYBR,CYBERARK SOFTWAR,2024-09-01 00:00:00-04:00,2024,3,9,291.6099853515625,285.3999938964844,291.760009765625,254.42999267578125,9243900,50476952,14719583233.311523,14.719583233311523,240102000.0,240.102,192917000.0,11110000.0,-11090000.0,-7153000.0,15.326385487533969,,151.0118,21.53179,11.065886,,0.0,6.851619449413904,78.06068128716458,Technology,Software - Infrastructure,Israel,3793,2024-Q3
CYBR,CYBERARK SOFTWAR,2024-10-01 00:00:00-04:00,2024,4,10,276.5199890136719,294.54998779296875,308.6300048828125,269.0,9548100,50476952,13957886212.483643,13.957886212483643,314384000.0,314.384,240618000.0,-97118000.0,-31360000.0,58138000.0,11.099392949771334,,151.0118,21.53179,11.065886,,30.937684817285984,39.90903669683943,68.98068323456863,Technology,Software - Infrastructure,Israel,3793,2024-Q4
CYBR,CYBERARK SOFTWAR,2024-11-01 00:00:00-04:00,2024,4,11,323.510009765625,276.5400085449219,332.04998779296875,271.67999267578125,10786000,50476952,16329799234.458984,16.329799234458985,314384000.0,314.384,240618000.0,-97118000.0,-31360000.0,58138000.0,12.985552091120242,,151.0118,21.53179,11.065886,,0.0,30.937684817285984,62.3475700453598,Technology,Software - Infrastructure,Israel,3793,2024-Q4
CYBR,CYBERARK SOFTWAR,2024-12-01 00:00:00-05:00,2024,4,12,333.1499938964844,321.260009765625,336.8399963378906,303.82000732421875,8995800,50476952,16816396250.713135,16.816396250713133,314384000.0,314.384,240618000.0,-97118000.0,-31360000.0,58138000.0,13.372496891312165,,151.0118,21.53179,11.065886,,0.0,30.937684817285984,52.08855934951375,Technology,Software - Infrastructure,Israel,3793,2024-Q4
CYBR,CYBERARK SOFTWAR,2025-01-01 00:00:00-05:00,2025,1,1,370.9800109863281,335.6099853515625,378.6199951171875,331.6400146484375,9312400,50476952,18725940207.516357,18.725940207516356,317601000.0,317.601,241340000.0,11463000.0,-20733000.0,10891000.0,14.740145817799974,,151.0118,21.53179,11.065886,,1.0232709043717314,32.27753204887922,58.8915614934504,Technology,Software - Infrastructure,Israel,3793,2025-Q1
CYBR,CYBERARK SOFTWAR,2025-02-01 00:00:00-05:00,2025,1,2,363.8500061035156,365.70001220703125,421.0,348.95001220703125,14454900,50476952,18366039293.286865,18.366039293286864,317601000.0,317.601,241340000.0,11463000.0,-20733000.0,10891000.0,14.456849390655938,,151.0118,21.53179,11.065886,,0.0,1.0232709043717314,37.947373609376854,Technology,Software - Infrastructure,Israel,3793,2025-Q1
CYBR,CYBERARK SOFTWAR,2025-03-01 00:00:00-05:00,2025,1,3,338.0,367.9700012207031,368.5,307.29998779296875,12407600,50476952,17061209776.0,17.061209776,317601000.0,317.601,241340000.0,11463000.0,-20733000.0,10891000.0,13.429751304309494,,151.0118,21.53179,11.065886,,0.0,1.0232709043717314,27.24466129084884,Technology,Software - Infrastructure,Israel,3793,2025-Q1
CYBR,CYBERARK SOFTWAR,2025-04-01 00:00:00-04:00,2025,2,4,352.1600036621094,338.19000244140625,359.5350036621094,288.6300048828125,15790000,50476952,17775963601.17212,17.77596360117212,328030000.0,328.03,247485000.0,-90828000.0,-35817000.0,-3082000.0,13.547513642938236,,151.0118,21.53179,11.065886,,3.283679837280107,4.340551682019433,47.19331396535398,Technology,Software - Infrastructure,Israel,3793,2025-Q2
CYBR,CYBERARK SOFTWAR,2025-05-01 00:00:00-04:00,2025,2,5,382.7799987792969,356.95001220703125,387.17999267578125,347.1199951171875,15909800,50476952,19321567624.942627,19.321567624942627,328030000.0,328.03,247485000.0,-90828000.0,-35817000.0,-3082000.0,14.725457751533874,,151.0118,21.53179,11.065886,,0.0,3.283679837280107,66.97055562891903,Technology,Software - Infrastructure,Israel,3793,2025-Q2
CYBR,CYBERARK SOFTWAR,2025-06-01 00:00:00-04:00,2025,2,6,406.8800048828125,381.8900146484375,411.0,376.9859924316406,13643800,50476952,20538062476.229492,20.53806247622949,328030000.0,328.03,247485000.0,-90828000.0,-35817000.0,-3082000.0,15.652579395352172,,151.0118,21.53179,11.065886,,0.0,3.283679837280107,48.811346975649215,Technology,Software - Infrastructure,Israel,3793,2025-Q2
CYBR,CYBERARK SOFTWAR,2025-07-01 00:00:00-04:00,2025,3,7,411.4700012207031,406.25,452.0,370.1600036621094,41744800,50476952,20769751501.057373,20.769751501057375,,,,,,,,,151.0118,21.53179,11.065886,,0.0,3.283679837280107,60.49223550361502,Technology,Software - Infrastructure,Israel,3793,2025-Q3
CYBR,CYBERARK SOFTWAR,2025-08-01 00:00:00-04:00,2025,3,8,453.260009765625,410.8500061035156,457.07000732421875,396.1520080566406,31703400,50476952,22879183756.458984,22.879183756458985,,,,,,,,,151.0118,21.53179,11.065886,,0.0,0.0,58.07352486660133,Technology,Software - Infrastructure,Israel,3793,2025-Q3
CYBR,CYBERARK SOFTWAR,2025-09-01 00:00:00-04:00,2025,3,9,483.1499938964844,445.6700134277344,493.8500061035156,442.9599914550781,15527700,50476952,24387939050.713135,24.387939050713136,,,,,,,,,151.0118,21.53179,11.065886,,0.0,0.0,65.68362476134104,Technology,Software - Infrastructure,Israel,3793,2025-Q3
CYBR,CYBERARK SOFTWAR,2025-10-01 00:00:00-04:00,2025,4,10,511.92999267578125,480.4700012207031,514.2849731445312,477.7900085449219,9717791,50476952,25840665667.65576,25.840665667655763,,,,,,,,,151.0118,21.53179,11.065886,,0.0,0.0,85.13308730475542,Technology,Software - Infrastructure,Israel,3793,2025-Q4
