ticker,company_name,date,year,quarter,month,close_price,open_price,high_price,low_price,volume,shares_outstanding,market_cap,market_cap_billions,revenue,revenue_millions,gross_profit,net_income,operating_income,ebitda,ps_ratio,current_pe,forward_pe,current_ps,current_pb,peg_ratio,revenue_qoq_pct,revenue_yoy_pct,market_cap_yoy_pct,sector,industry,country,employees,year_quarter
DDOG,DATADOG INC - CLASS A,2019-09-01 00:00:00-04:00,2019,3,9,33.90999984741211,40.349998474121094,41.439998626708984,30.469999313354492,40306400,323270704,10962109523.312805,10.962109523312805,,,,,,,,434.6389,77.07882,18.092552,17.068834,,,,,Technology,Software - Application,United States,6500,2019-Q3
DDOG,DATADOG INC - CLASS A,2019-10-01 00:00:00-04:00,2019,4,10,33.59000015258789,34.25,37.970001220703125,27.549999237060547,40023400,323270704,10858662996.687195,10.858662996687196,,,,,,,,434.6389,77.07882,18.092552,17.068834,,,,,Technology,Software - Application,United States,6500,2019-Q4
DDOG,DATADOG INC - CLASS A,2019-11-01 00:00:00-04:00,2019,4,11,40.77000045776367,33.70000076293945,44.09000015258789,30.260000228881836,40308800,323270704,13179746750.061584,13.179746750061584,,,,,,,,434.6389,77.07882,18.092552,17.068834,,,,,Technology,Software - Application,United States,6500,2019-Q4
DDOG,DATADOG INC - CLASS A,2019-12-01 00:00:00-05:00,2019,4,12,37.779998779296875,41.11000061035156,41.31999969482422,33.060001373291016,56300300,323270704,12213166802.502441,12.21316680250244,,,,,,,,434.6389,77.07882,18.092552,17.068834,,,,,Technology,Software - Application,United States,6500,2019-Q4
DDOG,DATADOG INC - CLASS A,2020-01-01 00:00:00-05:00,2020,1,1,46.209999084472656,38.220001220703125,47.2599983215332,35.95800018310547,49816900,323270704,14938338935.876831,14.938338935876832,,,,,,,,434.6389,77.07882,18.092552,17.068834,,,,,Technology,Software - Application,United States,6500,2020-Q1
DDOG,DATADOG INC - CLASS A,2020-02-01 00:00:00-05:00,2020,1,2,45.150001525878906,46.619998931884766,50.119998931884766,41.720001220703125,62598100,323270704,14595672778.871948,14.595672778871949,,,,,,,,434.6389,77.07882,18.092552,17.068834,,,,,Technology,Software - Application,United States,6500,2020-Q1
DDOG,DATADOG INC - CLASS A,2020-03-01 00:00:00-05:00,2020,1,3,35.97999954223633,45.0,48.119998931884766,28.8799991607666,107821200,323270704,11631279781.938416,11.631279781938415,,,,,,,,434.6389,77.07882,18.092552,17.068834,,,,,Technology,Software - Application,United States,6500,2020-Q1
DDOG,DATADOG INC - CLASS A,2020-04-01 00:00:00-04:00,2020,2,4,45.119998931884766,34.83000183105469,45.279998779296875,33.040000915527344,53895600,323270704,14585973819.189636,14.585973819189636,,,,,,,,434.6389,77.07882,18.092552,17.068834,,,,,Technology,Software - Application,United States,6500,2020-Q2
DDOG,DATADOG INC - CLASS A,2020-05-01 00:00:00-04:00,2020,2,5,71.2699966430664,44.0,75.0,43.132999420166016,136485700,323270704,23039501988.881714,23.039501988881714,,,,,,,,434.6389,77.07882,18.092552,17.068834,,,,,Technology,Software - Application,United States,6500,2020-Q2
DDOG,DATADOG INC - CLASS A,2020-06-01 00:00:00-04:00,2020,2,6,86.94999694824219,70.61000061035156,93.0,67.18000030517578,113067500,323270704,28108386726.256104,28.108386726256104,,,,,,,,434.6389,77.07882,18.092552,17.068834,,,,,Technology,Software - Application,United States,6500,2020-Q2
DDOG,DATADOG INC - CLASS A,2020-07-01 00:00:00-04:00,2020,3,7,93.86000061035156,87.19000244140625,98.98999786376953,81.54100036621094,72531200,323270704,30342188474.74878,30.34218847474878,,,,,,,,434.6389,77.07882,18.092552,17.068834,,,,,Technology,Software - Application,United States,6500,2020-Q3
DDOG,DATADOG INC - CLASS A,2020-08-01 00:00:00-04:00,2020,3,8,83.55000305175781,95.81999969482422,96.66999816894531,72.5999984741211,105862100,323270704,27009268305.743896,27.0092683057439,,,,,,,,434.6389,77.07882,18.092552,17.068834,,,,,Technology,Software - Application,United States,6500,2020-Q3
DDOG,DATADOG INC - CLASS A,2020-09-01 00:00:00-04:00,2020,3,9,102.16000366210938,83.98999786376953,107.98999786376953,75.55000305175781,122030800,323270704,33025336304.492676,33.025336304492676,,,,,,,,434.6389,77.07882,18.092552,17.068834,,,,201.26807467357116,Technology,Software - Application,United States,6500,2020-Q3
DDOG,DATADOG INC - CLASS A,2020-10-01 00:00:00-04:00,2020,4,10,90.75,101.43000030517578,118.12999725341797,90.54000091552734,96268600,323270704,29336816388.0,29.336816388,,,,,,,,434.6389,77.07882,18.092552,17.068834,,,,170.1696921338308,Technology,Software - Application,United States,6500,2020-Q4
DDOG,DATADOG INC - CLASS A,2020-11-01 00:00:00-04:00,2020,4,11,98.91999816894531,91.77999877929688,103.94999694824219,79.76000213623047,94301400,323270704,31977937447.753662,31.97793744775366,,,,,,,,434.6389,77.07882,18.092552,17.068834,,,,142.62937713582576,Technology,Software - Application,United States,6500,2020-Q4
DDOG,DATADOG INC - CLASS A,2020-12-01 00:00:00-05:00,2020,4,12,98.44000244140625,98.5999984741211,111.48999786376953,90.12999725341797,69849100,323270704,31822768890.995117,31.822768890995118,,,,,,,,434.6389,77.07882,18.092552,17.068834,,,,160.56115834326218,Technology,Software - Application,United States,6500,2020-Q4
DDOG,DATADOG INC - CLASS A,2021-01-01 00:00:00-05:00,2021,1,1,102.75,98.69000244140625,112.29000091552734,89.83200073242188,63361000,323270704,33216064836.0,33.216064836,,,,,,,,434.6389,77.07882,18.092552,17.068834,,,,122.35447313507035,Technology,Software - Application,United States,6500,2021-Q1
DDOG,DATADOG INC - CLASS A,2021-02-01 00:00:00-05:00,2021,1,2,95.41000366210938,103.47000122070312,119.43299865722656,92.80999755859375,67516700,323270704,30843259052.492676,30.843259052492677,,,,,,,,434.6389,77.07882,18.092552,17.068834,,,,111.31783042670027,Technology,Software - Application,United States,6500,2021-Q1
DDOG,DATADOG INC - CLASS A,2021-03-01 00:00:00-05:00,2021,1,3,83.33999633789062,96.77999877929688,98.6500015258789,74.52999877929688,98845700,323270704,26941379287.507324,26.941379287507324,,,,,,,,434.6389,77.07882,18.092552,17.068834,,,,131.62867537021276,Technology,Software - Application,United States,6500,2021-Q1
DDOG,DATADOG INC - CLASS A,2021-04-01 00:00:00-04:00,2021,2,4,85.7699966430664,86.94999694824219,96.3499984741211,81.69999694824219,59825500,323270704,27726927196.881714,27.726927196881714,,,,,,,,434.6389,77.07882,18.092552,17.068834,,,,90.09308216639977,Technology,Software - Application,United States,6500,2021-Q2
DDOG,DATADOG INC - CLASS A,2021-05-01 00:00:00-04:00,2021,2,5,91.05000305175781,86.33000183105469,94.38999938964844,69.7300033569336,77143000,323270704,29433798585.743896,29.433798585743897,,,,,,,,434.6389,77.07882,18.092552,17.068834,,,,27.753623320277974,Technology,Software - Application,United States,6500,2021-Q2
DDOG,DATADOG INC - CLASS A,2021-06-01 00:00:00-04:00,2021,2,6,104.08000183105469,91.3499984741211,107.4000015258789,87.0999984741211,56943500,323270704,33646015464.246338,33.64601546424634,,,,,,,,434.6389,77.07882,18.092552,17.068834,,,,19.700983880435665,Technology,Software - Application,United States,6500,2021-Q2
DDOG,DATADOG INC - CLASS A,2021-07-01 00:00:00-04:00,2021,3,7,110.69999694824219,103.51000213623047,114.19999694824219,101.37999725341797,31860900,323270704,35786065946.2561,35.7860659462561,,,,,,,,434.6389,77.07882,18.092552,17.068834,,,,17.94161115318955,Technology,Software - Application,United States,6500,2021-Q3
DDOG,DATADOG INC - CLASS A,2021-08-01 00:00:00-04:00,2021,3,8,137.8000030517578,110.8499984741211,139.17300415039062,109.11000061035156,74674900,323270704,44546703997.7439,44.5467039977439,,,,,,,,434.6389,77.07882,18.092552,17.068834,,,,64.93117656308527,Technology,Software - Application,United States,6500,2021-Q3
DDOG,DATADOG INC - CLASS A,2021-09-01 00:00:00-04:00,2021,3,9,141.35000610351562,138.0800018310547,150.6699981689453,131.38999938964844,56462000,323270704,45694315983.48779,45.69431598348779,,,,,,,,434.6389,77.07882,18.092552,17.068834,,,,38.36139490658772,Technology,Software - Application,United States,6500,2021-Q3
DDOG,DATADOG INC - CLASS A,2021-10-01 00:00:00-04:00,2021,4,10,167.0500030517578,142.02000427246094,168.72999572753906,134.6300048828125,50649100,323270704,54002372089.7439,54.00237208974389,,,,,,,,434.6389,77.07882,18.092552,17.068834,,,,84.07713834904442,Technology,Software - Application,United States,6500,2021-Q4
DDOG,DATADOG INC - CLASS A,2021-11-01 00:00:00-04:00,2021,4,11,178.2899932861328,167.4600067138672,199.6750030517578,160.64999389648438,71552000,323270704,57635931645.76343,57.63593164576343,,,,,,,,434.6389,77.07882,18.092552,17.068834,,,,80.23655134084376,Technology,Software - Application,United States,6500,2021-Q4
DDOG,DATADOG INC - CLASS A,2021-12-01 00:00:00-05:00,2021,4,12,178.11000061035156,182.85000610351562,186.27999877929688,152.82000732421875,87437400,323270704,57577745286.74878,57.57774528674878,,,,,,,,434.6389,77.07882,18.092552,17.068834,,,,80.93254387754281,Technology,Software - Application,United States,6500,2021-Q4
DDOG,DATADOG INC - CLASS A,2022-01-01 00:00:00-05:00,2022,1,1,146.11000061035156,178.75,180.27999877929688,119.19000244140625,93035400,323270704,47233082758.74878,47.23308275874878,,,,,,,,434.6389,77.07882,18.092552,17.068834,,,,42.19951397601125,Technology,Software - Application,United States,6500,2022-Q1
DDOG,DATADOG INC - CLASS A,2022-02-01 00:00:00-05:00,2022,1,2,161.11000061035156,147.88999938964844,184.6999969482422,135.11000061035156,101168700,323270704,52082143318.74878,52.08214331874878,,,,,,,,434.6389,77.07882,18.092552,17.068834,,,,68.86070058325964,Technology,Software - Application,United States,6500,2022-Q1
DDOG,DATADOG INC - CLASS A,2022-03-01 00:00:00-05:00,2022,1,3,151.47000122070312,160.24000549316406,166.99000549316406,113.88999938964844,100437200,323270704,48965813929.49756,48.96581392949756,,,,,,,,434.6389,77.07882,18.092552,17.068834,,,,81.74946949432145,Technology,Software - Application,United States,6500,2022-Q1
DDOG,DATADOG INC - CLASS A,2022-04-01 00:00:00-04:00,2022,2,4,120.77999877929688,150.97999572753906,159.0,117.86000061035156,72005900,323270704,39044635234.50244,39.044635234502444,,,,,,,,434.6389,77.07882,18.092552,17.068834,,,,40.818472084038085,Technology,Software - Application,United States,6500,2022-Q2
DDOG,DATADOG INC - CLASS A,2022-05-01 00:00:00-04:00,2022,2,5,95.38999938964844,119.94000244140625,124.43000030517578,82.1500015258789,145663600,323270704,30836792257.25122,30.836792257251222,,,,,,,,434.6389,77.07882,18.092552,17.068834,,,,4.7666075699344335,Technology,Software - Application,United States,6500,2022-Q2
DDOG,DATADOG INC - CLASS A,2022-06-01 00:00:00-04:00,2022,2,6,95.23999786376953,96.83999633789062,116.62000274658203,81.12000274658203,120349900,323270704,30788301158.379272,30.788301158379273,,,,,,,,434.6389,77.07882,18.092552,17.068834,,,,-8.493470226522938,Technology,Software - Application,United States,6500,2022-Q2
DDOG,DATADOG INC - CLASS A,2022-07-01 00:00:00-04:00,2022,3,7,102.01000213623047,95.25,112.58000183105469,84.45999908447266,95290400,323270704,32976845205.620728,32.97684520562073,,,,,,,,434.6389,77.07882,18.092552,17.068834,,,,-7.85004069699724,Technology,Software - Application,United States,6500,2022-Q3
DDOG,DATADOG INC - CLASS A,2022-08-01 00:00:00-04:00,2022,3,8,104.94999694824219,99.80000305175781,120.75,97.625,98602000,323270704,33927259398.256104,33.927259398256105,,,,,,,,434.6389,77.07882,18.092552,17.068834,,,,-23.838900853418078,Technology,Software - Application,United States,6500,2022-Q3
DDOG,DATADOG INC - CLASS A,2022-09-01 00:00:00-04:00,2022,3,9,88.77999877929688,101.87999725341797,104.94999694824219,85.83999633789062,87961800,323270704,28699972706.50244,28.699972706502443,,,,,,,,434.6389,77.07882,18.092552,17.068834,,,,-37.19137251803149,Technology,Software - Application,United States,6500,2022-Q3
DDOG,DATADOG INC - CLASS A,2022-10-01 00:00:00-04:00,2022,4,10,80.51000213623047,89.61000061035156,97.31400299072266,75.53500366210938,89784900,323270704,26026525069.620728,26.026525069620728,,,,,,,,434.6389,77.07882,18.092552,17.068834,,,,-51.8048484493079,Technology,Software - Application,United States,6500,2022-Q4
DDOG,DATADOG INC - CLASS A,2022-11-01 00:00:00-04:00,2022,4,11,75.77999877929688,83.23999786376953,86.87999725341797,66.4469985961914,110339600,323270704,24497453554.50244,24.497453554502442,,,,,,,,434.6389,77.07882,18.092552,17.068834,,,,-57.49621311742404,Technology,Software - Application,United States,6500,2022-Q4
DDOG,DATADOG INC - CLASS A,2022-12-01 00:00:00-05:00,2022,4,12,73.5,75.20500183105469,85.44000244140625,67.33000183105469,83183500,323270704,23760396744.0,23.760396744,,,,,,,,434.6389,77.07882,18.092552,17.068834,,,,-58.733367161794135,Technology,Software - Application,United States,6500,2022-Q4
DDOG,DATADOG INC - CLASS A,2023-01-01 00:00:00-05:00,2023,1,1,74.80999755859375,75.19499969482422,78.62999725341797,61.34000015258789,96667600,323270704,24183880577.004883,24.18388057700488,,,,,,,,434.6389,77.07882,18.092552,17.068834,,,,-48.79885206619209,Technology,Software - Application,United States,6500,2023-Q1
DDOG,DATADOG INC - CLASS A,2023-02-01 00:00:00-05:00,2023,1,2,76.5199966430664,76.16000366210938,90.01000213623047,75.30999755859375,108142100,323270704,24736673184.881714,24.736673184881713,,,,,,,,434.6389,77.07882,18.092552,17.068834,,,,-52.50450229459569,Technology,Software - Application,United States,6500,2023-Q1
DDOG,DATADOG INC - CLASS A,2023-03-01 00:00:00-05:00,2023,1,3,72.66000366210938,76.83999633789062,78.18000030517578,62.9900016784668,125427500,323270704,23488850536.492676,23.488850536492677,,,,,,,,434.6389,77.07882,18.092552,17.068834,,,,-52.03010294016019,Technology,Software - Application,United States,6500,2023-Q1
DDOG,DATADOG INC - CLASS A,2023-04-01 00:00:00-04:00,2023,2,4,67.37999725341797,71.61499786376953,72.66999816894531,62.59700012207031,90421400,323270704,21781979147.630493,21.781979147630494,,,,,,,,434.6389,77.07882,18.092552,17.068834,,,,-44.21261969331325,Technology,Software - Application,United States,6500,2023-Q2
DDOG,DATADOG INC - CLASS A,2023-05-01 00:00:00-04:00,2023,2,5,94.91000366210938,66.77999877929688,97.4000015258789,63.0,129426200,323270704,30681623700.492676,30.681623700492676,,,,,,,,434.6389,77.07882,18.092552,17.068834,,,,-0.5031929244263655,Technology,Software - Application,United States,6500,2023-Q2
DDOG,DATADOG INC - CLASS A,2023-06-01 00:00:00-04:00,2023,2,6,98.37999725341797,93.0,103.80000305175781,90.87999725341797,86383700,323270704,31803370971.630493,31.803370971630493,,,,,,,,434.6389,77.07882,18.092552,17.068834,,,,3.2969334944125794,Technology,Software - Application,United States,6500,2023-Q2
DDOG,DATADOG INC - CLASS A,2023-07-01 00:00:00-04:00,2023,3,7,116.72000122070312,98.0999984741211,118.0199966430664,95.30999755859375,80637800,323270704,37732156965.49756,37.73215696549756,,,,,,,,434.6389,77.07882,18.092552,17.068834,,,,14.42015368731,Technology,Software - Application,United States,6500,2023-Q3
DDOG,DATADOG INC - CLASS A,2023-08-01 00:00:00-04:00,2023,3,8,96.4800033569336,115.0,115.94999694824219,83.87000274658203,123916500,323270704,31189158607.118286,31.189158607118287,,,,,,,,434.6389,77.07882,18.092552,17.068834,,,,-8.070503894807835,Technology,Software - Application,United States,6500,2023-Q3
DDOG,DATADOG INC - CLASS A,2023-09-01 00:00:00-04:00,2023,3,9,91.08999633789062,97.7300033569336,102.0,85.29000091552734,63416400,323270704,29446727243.507324,29.446727243507326,,,,,,,,434.6389,77.07882,18.092552,17.068834,,,,2.6019346591075188,Technology,Software - Application,United States,6500,2023-Q3
DDOG,DATADOG INC - CLASS A,2023-10-01 00:00:00-04:00,2023,4,10,81.47000122070312,92.54000091552734,94.80000305175781,79.37000274658203,80730300,323270704,26336864649.49756,26.33686464949756,,,,,,,,434.6389,77.07882,18.092552,17.068834,,,,1.1923972910201197,Technology,Software - Application,United States,6500,2023-Q4
DDOG,DATADOG INC - CLASS A,2023-11-01 00:00:00-04:00,2023,4,11,116.56999969482422,82.0199966430664,120.26000213623047,77.80999755859375,124457200,323270704,37683665866.62561,37.68366586662561,,,,,,,,434.6389,77.07882,18.092552,17.068834,,,,53.82686932250411,Technology,Software - Application,United States,6500,2023-Q4
DDOG,DATADOG INC - CLASS A,2023-12-01 00:00:00-05:00,2023,4,12,121.37999725341797,117.29000091552734,124.69000244140625,112.25,60485100,323270704,39238597163.63049,39.238597163630494,,,,,,,,434.6389,77.07882,18.092552,17.068834,,,,65.14285340601084,Technology,Software - Application,United States,6500,2023-Q4
DDOG,DATADOG INC - CLASS A,2024-01-01 00:00:00-05:00,2024,1,1,124.44000244140625,119.2249984741211,136.0749969482422,110.69499969482422,96186600,323270704,40227807194.99512,40.227807194995115,,,,,,,,434.6389,77.07882,18.092552,17.068834,,,,66.34140690078299,Technology,Software - Application,United States,6500,2024-Q1
DDOG,DATADOG INC - CLASS A,2024-02-01 00:00:00-05:00,2024,1,2,131.4600067138672,125.66999816894531,138.61000061035156,123.43299865722656,104364900,323270704,42497168918.23657,42.497168918236575,,,,,,,,434.6389,77.07882,18.092552,17.068834,,,,71.79823899767379,Technology,Software - Application,United States,6500,2024-Q1
DDOG,DATADOG INC - CLASS A,2024-03-01 00:00:00-05:00,2024,1,3,123.5999984741211,131.75,131.94000244140625,118.4000015258789,62930500,323270704,39956258521.12805,39.95625852112805,,,,,,,,434.6389,77.07882,18.092552,17.068834,,,,70.10733862455862,Technology,Software - Application,United States,6500,2024-Q1
DDOG,DATADOG INC - CLASS A,2024-04-01 00:00:00-04:00,2024,2,4,125.5,123.86499786376953,132.89999389648438,118.45999908447266,70492800,323270704,40570473352.0,40.570473352,645279000.0,645.279,521780000.0,43824000.0,12618000.0,60795000.0,15.71819064001773,434.6389,77.07882,18.092552,17.068834,,,,86.25705716192174,Technology,Software - Application,United States,6500,2024-Q2
DDOG,DATADOG INC - CLASS A,2024-05-01 00:00:00-04:00,2024,2,5,110.18000030517578,127.0199966430664,129.6199951171875,108.08000183105469,102420800,323270704,35617966265.37439,35.61796626537439,645279000.0,645.279,521780000.0,43824000.0,12618000.0,60795000.0,13.799444219234777,434.6389,77.07882,18.092552,17.068834,,0.0,,16.08892219352278,Technology,Software - Application,United States,6500,2024-Q2
DDOG,DATADOG INC - CLASS A,2024-06-01 00:00:00-04:00,2024,2,6,129.69000244140625,111.0,131.12899780273438,107.30000305175781,78214200,323270704,41924978390.99512,41.924978390995115,645279000.0,645.279,521780000.0,43824000.0,12618000.0,60795000.0,16.242965597437355,434.6389,77.07882,18.092552,17.068834,,0.0,,31.82558046564745,Technology,Software - Application,United States,6500,2024-Q2
DDOG,DATADOG INC - CLASS A,2024-07-01 00:00:00-04:00,2024,3,7,116.44000244140625,129.0399932861328,134.8000030517578,113.58000183105469,74379700,323270704,37641641562.99512,37.64164156299512,690016000.0,690.016,552260000.0,51697000.0,20278000.0,70690000.0,13.637959686077973,434.6389,77.07882,18.092552,17.068834,,6.93297007960898,,-0.23988928749875127,Technology,Software - Application,United States,6500,2024-Q3
DDOG,DATADOG INC - CLASS A,2024-08-01 00:00:00-04:00,2024,3,8,116.26000213623047,115.01000213623047,118.72000122070312,98.80000305175781,77046400,323270704,37583452737.62073,37.583452737620725,690016000.0,690.016,552260000.0,51697000.0,20278000.0,70690000.0,13.616877267201314,434.6389,77.07882,18.092552,17.068834,,0.0,6.93297007960898,20.501656396216706,Technology,Software - Application,United States,6500,2024-Q3
DDOG,DATADOG INC - CLASS A,2024-09-01 00:00:00-04:00,2024,3,9,115.05999755859375,114.87000274658203,118.37999725341797,105.44000244140625,56045800,323270704,37195526413.00488,37.195526413004885,690016000.0,690.016,552260000.0,51697000.0,20278000.0,70690000.0,13.476327510160953,434.6389,77.07882,18.092552,17.068834,,0.0,6.93297007960898,26.314636276620806,Technology,Software - Application,United States,6500,2024-Q3
DDOG,DATADOG INC - CLASS A,2024-10-01 00:00:00-04:00,2024,4,10,125.44000244140625,117.44999694824219,131.83999633789062,113.08000183105469,71087100,323270704,40551077898.99512,40.55107789899512,737727000.0,737.727,593549000.0,45594000.0,9392000.0,74847000.0,13.741898391612045,434.6389,77.07882,18.092552,17.068834,,6.914477345452852,14.32682607058342,53.97078748236166,Technology,Software - Application,United States,6500,2024-Q4
DDOG,DATADOG INC - CLASS A,2024-11-01 00:00:00-04:00,2024,4,11,152.75,124.43000030517578,157.47999572753906,120.77999877929688,118412300,323270704,49379600036.0,49.379600036,737727000.0,737.727,593549000.0,45594000.0,9392000.0,74847000.0,16.73369689465073,434.6389,77.07882,18.092552,17.068834,,0.0,6.914477345452852,31.03714540610245,Technology,Software - Application,United States,6500,2024-Q4
DDOG,DATADOG INC - CLASS A,2024-12-01 00:00:00-05:00,2024,4,12,142.88999938964844,152.4499969482422,170.0800018310547,142.44000244140625,97700400,323270704,46192150697.25122,46.19215069725122,737727000.0,737.727,593549000.0,45594000.0,9392000.0,74847000.0,15.653538062606906,434.6389,77.07882,18.092552,17.068834,,0.0,6.914477345452852,17.72120829045807,Technology,Software - Application,United States,6500,2024-Q4
DDOG,DATADOG INC - CLASS A,2025-01-01 00:00:00-05:00,2025,1,1,142.7100067138672,145.0,153.4199981689453,134.71499633789062,84168100,323270704,46133964338.23657,46.133964338236574,761553000.0,761.553,603925000.0,24642000.0,-12420000.0,44140000.0,15.144699166780438,434.6389,77.07882,18.092552,17.068834,,3.2296499924769018,10.36744075499698,14.681777494390147,Technology,Software - Application,United States,6500,2025-Q1
DDOG,DATADOG INC - CLASS A,2025-02-01 00:00:00-05:00,2025,1,2,116.55000305175781,140.802001953125,149.00999450683594,111.68000030517578,123413800,323270704,37677201537.7439,37.6772015377439,761553000.0,761.553,603925000.0,24642000.0,-12420000.0,44140000.0,12.368542155878808,434.6389,77.07882,18.092552,17.068834,,0.0,3.2296499924769018,-11.341855241618958,Technology,Software - Application,United States,6500,2025-Q1
DDOG,DATADOG INC - CLASS A,2025-03-01 00:00:00-05:00,2025,1,3,99.20999908447266,116.97000122070312,117.30999755859375,96.62999725341797,98607800,323270704,32071686247.87683,32.07168624787683,761553000.0,761.553,603925000.0,24642000.0,-12420000.0,44140000.0,10.528382872852195,434.6389,77.07882,18.092552,17.068834,,0.0,3.2296499924769018,-19.73300945853581,Technology,Software - Application,United States,6500,2025-Q1
DDOG,DATADOG INC - CLASS A,2025-04-01 00:00:00-04:00,2025,2,4,102.16000366210938,100.19000244140625,102.86000061035156,81.62999725341797,106328400,323270704,33025336304.492676,33.025336304492676,826760000.0,826.76,660782000.0,2647000.0,-34127000.0,20349000.0,9.986373404764585,434.6389,77.07882,18.092552,17.068834,,8.562371890072008,12.06855652565244,-18.597606643737553,Technology,Software - Application,United States,6500,2025-Q2
DDOG,DATADOG INC - CLASS A,2025-05-01 00:00:00-04:00,2025,2,5,117.87999725341797,106.66000366210938,119.36000061035156,101.05999755859375,107469400,323270704,38107149699.63049,38.10714969963049,826760000.0,826.76,660782000.0,2647000.0,-34127000.0,20349000.0,11.523038638670984,434.6389,77.07882,18.092552,17.068834,,0.0,8.562371890072008,6.988561378575775,Technology,Software - Application,United States,6500,2025-Q2
DDOG,DATADOG INC - CLASS A,2025-06-01 00:00:00-04:00,2025,2,6,134.3300018310547,117.43000030517578,135.41000366210938,114.73999786376953,91901000,323270704,43424954260.24634,43.42495426024634,826760000.0,826.76,660782000.0,2647000.0,-34127000.0,20349000.0,13.131064111787683,434.6389,77.07882,18.092552,17.068834,,0.0,8.562371890072008,3.577761818413716,Technology,Software - Application,United States,6500,2025-Q2
DDOG,DATADOG INC - CLASS A,2025-07-01 00:00:00-04:00,2025,3,7,139.97999572753906,133.66000366210938,157.375,130.27999877929688,230220800,323270704,45251431764.758545,45.25143176475854,,,,,,,,434.6389,77.07882,18.092552,17.068834,,0.0,8.562371890072008,20.216414284239104,Technology,Software - Application,United States,6500,2025-Q3
DDOG,DATADOG INC - CLASS A,2025-08-01 00:00:00-04:00,2025,3,8,136.67999267578125,137.47500610351562,149.0,123.41999816894531,127101600,323270704,44184637455.01465,44.184637455014645,,,,,,,,434.6389,77.07882,18.092552,17.068834,,0.0,0.0,17.564072049149935,Technology,Software - Application,United States,6500,2025-Q3
DDOG,DATADOG INC - CLASS A,2025-09-01 00:00:00-04:00,2025,3,9,142.39999389648438,134.47999572753906,145.8699951171875,129.05999755859375,87757700,323270704,46033746276.51221,46.033746276512204,,,,,,,,434.6389,77.07882,18.092552,17.068834,,0.0,0.0,23.761513052325476,Technology,Software - Application,United States,6500,2025-Q3
DDOG,DATADOG INC - CLASS A,2025-10-01 00:00:00-04:00,2025,4,10,156.47000122070312,144.27999877929688,166.88999938964844,143.8300018310547,73748769,323270704,50582167449.49756,50.58216744949756,,,,,,,,434.6389,77.07882,18.092552,17.068834,,0.0,0.0,24.736924565822747,Technology,Software - Application,United States,6500,2025-Q4
