ticker,company_name,date,year,quarter,month,close_price,open_price,high_price,low_price,volume,shares_outstanding,market_cap,market_cap_billions,revenue,revenue_millions,gross_profit,net_income,operating_income,ebitda,ps_ratio,current_pe,forward_pe,current_ps,current_pb,peg_ratio,revenue_qoq_pct,revenue_yoy_pct,market_cap_yoy_pct,user_subscribers_millions,sector,industry,country,employees,year_quarter
DOCU,DOCUSIGN INC,2018-04-01 00:00:00-04:00,2018,2,4,38.630001068115234,38.0,40.88999938964844,37.0,19704500,201104117,7768652254.512371,7.768652254512371,,,,,,,,54.196968,19.387533,4.6479177,7.2364964,,,,,,Technology,Software - Application,United States,6838,2018-Q2
DOCU,DOCUSIGN INC,2018-05-01 00:00:00-04:00,2018,2,5,49.810001373291016,38.70000076293945,51.20100021362305,37.849998474121094,20699100,201104117,10016996343.944477,10.016996343944477,,,,,,,,54.196968,19.387533,4.6479177,7.2364964,,,,,,Technology,Software - Application,United States,6838,2018-Q2
DOCU,DOCUSIGN INC,2018-06-01 00:00:00-04:00,2018,2,6,52.95000076293945,50.279998779296875,66.80000305175781,49.7599983215332,53726000,201104117,10648463148.580265,10.648463148580266,,,,,,,,54.196968,19.387533,4.6479177,7.2364964,,,,,,Technology,Software - Application,United States,6838,2018-Q2
DOCU,DOCUSIGN INC,2018-07-01 00:00:00-04:00,2018,3,7,53.900001525878906,52.459999084472656,57.5,50.060001373291016,27967400,201104117,10839512213.16053,10.83951221316053,,,,,,,,54.196968,19.387533,4.6479177,7.2364964,,,,,,Technology,Software - Application,United States,6838,2018-Q3
DOCU,DOCUSIGN INC,2018-08-01 00:00:00-04:00,2018,3,8,62.439998626708984,54.29999923706055,68.3499984741211,54.19499969482422,25478200,201104117,12556940789.305523,12.556940789305523,,,,,,,,54.196968,19.387533,4.6479177,7.2364964,,,,,,Technology,Software - Application,United States,6838,2018-Q3
DOCU,DOCUSIGN INC,2018-09-01 00:00:00-04:00,2018,3,9,52.56999969482422,62.79999923706055,65.87000274658203,51.119998931884766,46709400,201104117,10572043369.317894,10.572043369317894,,,,,,,,54.196968,19.387533,4.6479177,7.2364964,,,,,,Technology,Software - Application,United States,6838,2018-Q3
DOCU,DOCUSIGN INC,2018-10-01 00:00:00-04:00,2018,4,10,41.939998626708984,52.97999954223633,53.0,38.279998779296875,57796900,201104117,8434306390.805523,8.434306390805522,,,,,,,,54.196968,19.387533,4.6479177,7.2364964,,,,,,Technology,Software - Application,United States,6838,2018-Q4
DOCU,DOCUSIGN INC,2018-11-01 00:00:00-04:00,2018,4,11,41.7599983215332,42.13999938964844,45.150001525878906,35.060001373291016,35619600,201104117,8398107588.373417,8.398107588373417,,,,,,,,54.196968,19.387533,4.6479177,7.2364964,,,,,,Technology,Software - Application,United States,6838,2018-Q4
DOCU,DOCUSIGN INC,2018-12-01 00:00:00-05:00,2018,4,12,40.08000183105469,42.720001220703125,43.349998474121094,36.249000549316406,66857300,201104117,8060253377.592636,8.060253377592636,,,,,,,,54.196968,19.387533,4.6479177,7.2364964,,,,,,Technology,Software - Application,United States,6838,2018-Q4
DOCU,DOCUSIGN INC,2019-01-01 00:00:00-05:00,2019,1,1,49.45000076293945,39.27000045776367,50.029998779296875,38.79999923706055,50019300,201104117,9944598739.080265,9.944598739080265,,,,,,,,54.196968,19.387533,4.6479177,7.2364964,,,,,,Technology,Software - Application,United States,6838,2019-Q1
DOCU,DOCUSIGN INC,2019-02-01 00:00:00-05:00,2019,1,2,55.150001525878906,49.33000183105469,56.22999954223633,48.209999084472656,38734500,201104117,11090892359.41053,11.09089235941053,,,,,,,,54.196968,19.387533,4.6479177,7.2364964,,,,,,Technology,Software - Application,United States,6838,2019-Q1
DOCU,DOCUSIGN INC,2019-03-01 00:00:00-05:00,2019,1,3,51.84000015258789,55.90999984741211,59.619998931884766,51.13999938964844,56620800,201104117,10425237455.966053,10.425237455966053,,,,,,,,54.196968,19.387533,4.6479177,7.2364964,,,,,,Technology,Software - Application,United States,6838,2019-Q1
DOCU,DOCUSIGN INC,2019-04-01 00:00:00-04:00,2019,2,4,56.66999816894531,52.45000076293945,58.369998931884766,50.91999816894531,37954000,201104117,11396569942.157364,11.396569942157363,,,,,,,,54.196968,19.387533,4.6479177,7.2364964,,,,46.69944758484641,,Technology,Software - Application,United States,6838,2019-Q2
DOCU,DOCUSIGN INC,2019-05-01 00:00:00-04:00,2019,2,5,56.060001373291016,57.099998474121094,57.41999816894531,50.02000045776367,38160500,201104117,11273897075.194477,11.273897075194476,,,,,,,,54.196968,19.387533,4.6479177,7.2364964,,,,12.54768084256941,,Technology,Software - Application,United States,6838,2019-Q2
DOCU,DOCUSIGN INC,2019-06-01 00:00:00-04:00,2019,2,6,49.709999084472656,56.0,56.099998474121094,45.67499923706055,81566500,201104117,9996885471.953682,9.996885471953682,,,,,,,,54.196968,19.387533,4.6479177,7.2364964,,,,-6.118983251714183,,Technology,Software - Application,United States,6838,2019-Q2
DOCU,DOCUSIGN INC,2019-07-01 00:00:00-04:00,2019,3,7,51.720001220703125,50.529998779296875,54.779998779296875,49.52000045776367,36941700,201104117,10401105176.728424,10.401105176728423,,,,,,,,54.196968,19.387533,4.6479177,7.2364964,,,,-4.044527353360284,,Technology,Software - Application,United States,6838,2019-Q3
DOCU,DOCUSIGN INC,2019-08-01 00:00:00-04:00,2019,3,8,46.689998626708984,51.72999954223633,53.0,43.130001068115234,41462700,201104117,9389550946.555523,9.389550946555524,,,,,,,,54.196968,19.387533,4.6479177,7.2364964,,,,-25.224215801412374,,Technology,Software - Application,United States,6838,2019-Q3
DOCU,DOCUSIGN INC,2019-09-01 00:00:00-04:00,2019,3,9,61.91999816894531,46.56999969482422,65.06999969482422,45.52000045776367,110025400,201104117,12452366556.407364,12.452366556407364,,,,,,,,54.196968,19.387533,4.6479177,7.2364964,,,,17.78580659767752,,Technology,Software - Application,United States,6838,2019-Q3
DOCU,DOCUSIGN INC,2019-10-01 00:00:00-04:00,2019,4,10,66.19000244140625,62.029998779296875,68.16999816894531,59.77000045776367,56592700,201104117,13311081995.206848,13.311081995206848,,,,,,,,54.196968,19.387533,4.6479177,7.2364964,,,,57.82070722161146,,Technology,Software - Application,United States,6838,2019-Q4
DOCU,DOCUSIGN INC,2019-11-01 00:00:00-04:00,2019,4,11,71.20999908447266,66.77999877929688,73.22000122070312,64.25,35906600,201104117,14320623987.453682,14.320623987453683,,,,,,,,54.196968,19.387533,4.6479177,7.2364964,,,,70.52203531280747,,Technology,Software - Application,United States,6838,2019-Q4
DOCU,DOCUSIGN INC,2019-12-01 00:00:00-05:00,2019,4,12,74.11000061035156,72.44000244140625,76.27999877929688,66.97000122070312,44149100,201104117,14903826233.614212,14.903826233614213,,,,,,,,54.196968,19.387533,4.6479177,7.2364964,,,,84.90518269619898,,Technology,Software - Application,United States,6838,2019-Q4
DOCU,DOCUSIGN INC,2020-01-01 00:00:00-05:00,2020,1,1,78.51000213623047,74.30999755859375,80.26000213623047,70.55000305175781,41361500,201104117,15788684655.274742,15.788684655274743,,,,,,,,54.196968,19.387533,4.6479177,7.2364964,,,,58.766432608571726,,Technology,Software - Application,United States,6838,2020-Q1
DOCU,DOCUSIGN INC,2020-02-01 00:00:00-05:00,2020,1,2,86.30999755859375,79.0999984741211,92.55000305175781,76.18000030517578,34275400,201104117,17357295847.29315,17.357295847293152,,,,,,,,54.196968,19.387533,4.6479177,7.2364964,,,,56.500444552287355,,Technology,Software - Application,United States,6838,2020-Q1
DOCU,DOCUSIGN INC,2020-03-01 00:00:00-05:00,2020,1,3,92.4000015258789,87.38999938964844,98.37999725341797,64.87999725341797,88709000,201104117,18582020717.66053,18.58202071766053,,,,,,,,54.196968,19.387533,4.6479177,7.2364964,,,,78.24074315953919,,Technology,Software - Application,United States,6838,2020-Q1
DOCU,DOCUSIGN INC,2020-04-01 00:00:00-04:00,2020,2,4,104.75,90.81999969482422,111.36000061035156,78.72000122070312,70328100,201104117,21065656255.75,21.06565625575,,,,,,,,54.196968,19.387533,4.6479177,7.2364964,,,,84.84207408604105,,Technology,Software - Application,United States,6838,2020-Q2
DOCU,DOCUSIGN INC,2020-05-01 00:00:00-04:00,2020,2,5,139.74000549316406,103.19000244140625,141.42999267578125,101.87999725341797,73063500,201104117,28102290414.27791,28.10229041427791,,,,,,,,54.196968,19.387533,4.6479177,7.2364964,,,,149.26864443449907,,Technology,Software - Application,United States,6838,2020-Q2
DOCU,DOCUSIGN INC,2020-06-01 00:00:00-04:00,2020,2,6,172.2100067138672,142.35000610351562,180.4510040283203,131.25999450683594,136450500,201104117,34632141338.75633,34.632141338756334,,,,,,,,54.196968,19.387533,4.6479177,7.2364964,,,,246.42930976769713,,Technology,Software - Application,United States,6838,2020-Q2
DOCU,DOCUSIGN INC,2020-07-01 00:00:00-04:00,2020,3,7,216.8300018310547,171.25,217.6999969482422,170.8000030517578,115534400,201104117,43605406057.342636,43.605406057342634,,,,,,,,54.196968,19.387533,4.6479177,7.2364964,,,,319.23819936852453,,Technology,Software - Application,United States,6838,2020-Q3
DOCU,DOCUSIGN INC,2020-08-01 00:00:00-04:00,2020,3,8,223.0,218.72000122070312,229.8300018310547,189.1199951171875,69337200,201104117,44846218091.0,44.846218091,,,,,,,,54.196968,19.387533,4.6479177,7.2364964,,,,377.6183477384662,,Technology,Software - Application,United States,6838,2020-Q3
DOCU,DOCUSIGN INC,2020-09-01 00:00:00-04:00,2020,3,9,215.24000549316406,240.67999267578125,290.2300109863281,187.2100067138672,208479300,201104117,43285651247.77791,43.285651247777906,,,,,,,,54.196968,19.387533,4.6479177,7.2364964,,,,247.60983827210964,,Technology,Software - Application,United States,6838,2020-Q3
DOCU,DOCUSIGN INC,2020-10-01 00:00:00-04:00,2020,4,10,202.25,218.8000030517578,246.8000030517578,200.22999572753906,78849400,201104117,40673307663.25,40.67330766325,,,,,,,,54.196968,19.387533,4.6479177,7.2364964,,,,205.5597409579172,,Technology,Software - Application,United States,6838,2020-Q4
DOCU,DOCUSIGN INC,2020-11-01 00:00:00-04:00,2020,4,11,227.8800048828125,204.2100067138672,246.0,185.35899353027344,71956600,201104117,45827607163.9137,45.8276071639137,,,,,,,,54.196968,19.387533,4.6479177,7.2364964,,,,220.01124534841026,,Technology,Software - Application,United States,6838,2020-Q4
DOCU,DOCUSIGN INC,2020-12-01 00:00:00-05:00,2020,4,12,222.3000030517578,222.0,256.0,209.11000061035156,94463700,201104117,44705445822.82106,44.70544582282106,,,,,,,,54.196968,19.387533,4.6479177,7.2364964,,,,199.95952128046173,,Technology,Software - Application,United States,6838,2020-Q4
DOCU,DOCUSIGN INC,2021-01-01 00:00:00-05:00,2021,1,1,232.88999938964844,222.38999938964844,263.0,216.5,60933800,201104117,46835137685.38579,46.83513768538579,,,,,,,,54.196968,19.387533,4.6479177,7.2364964,,,,196.637362186716,,Technology,Software - Application,United States,6838,2021-Q1
DOCU,DOCUSIGN INC,2021-02-01 00:00:00-05:00,2021,1,2,226.66000366210938,233.25,275.4599914550781,219.14999389648438,58771300,201104117,45582259895.68527,45.58225989568527,,,,,,,,54.196968,19.387533,4.6479177,7.2364964,,,,162.61152829744367,,Technology,Software - Application,United States,6838,2021-Q1
DOCU,DOCUSIGN INC,2021-03-01 00:00:00-05:00,2021,1,3,202.4499969482422,233.3699951171875,246.11000061035156,188.91000366210938,85761500,201104117,40713527872.92894,40.71352787292894,,,,,,,,54.196968,19.387533,4.6479177,7.2364964,,,,119.10172468075237,,Technology,Software - Application,United States,6838,2021-Q1
DOCU,DOCUSIGN INC,2021-04-01 00:00:00-04:00,2021,2,4,222.94000244140625,205.3000030517578,236.10699462890625,202.3000030517578,44333000,201104117,44834152334.95685,44.83415233495685,,,,,,,,54.196968,19.387533,4.6479177,7.2364964,,,,112.8305512567124,,Technology,Software - Application,United States,6838,2021-Q2
DOCU,DOCUSIGN INC,2021-05-01 00:00:00-04:00,2021,2,5,201.6199951171875,224.02999877929688,224.02999877929688,179.49000549316406,53790200,201104117,40546611087.5863,40.54661108758631,,,,,,,,54.196968,19.387533,4.6479177,7.2364964,,,,44.282229276891314,,Technology,Software - Application,United States,6838,2021-Q2
DOCU,DOCUSIGN INC,2021-06-01 00:00:00-04:00,2021,2,6,279.57000732421875,202.10000610351562,286.510009765625,193.66000366210938,87766800,201104117,56222679462.620544,56.22267946262055,,,,,,,,54.196968,19.387533,4.6479177,7.2364964,,,,62.34248674569409,,Technology,Software - Application,United States,6838,2021-Q2
DOCU,DOCUSIGN INC,2021-07-01 00:00:00-04:00,2021,3,7,298.0400085449219,278.6300048828125,310.5060119628906,270.4100036621094,44008300,201104117,59937072749.09897,59.93707274909897,,,,,,,,54.196968,19.387533,4.6479177,7.2364964,,,,37.453307212137,,Technology,Software - Application,United States,6838,2021-Q3
DOCU,DOCUSIGN INC,2021-08-01 00:00:00-04:00,2021,3,8,296.239990234375,299.79998779296875,314.760009765625,281.2799987792969,33106600,201104117,59575081656.17261,59.57508165617261,,,,,,,,54.196968,19.387533,4.6479177,7.2364964,,,,32.84304494815022,,Technology,Software - Application,United States,6838,2021-Q3
DOCU,DOCUSIGN INC,2021-09-01 00:00:00-04:00,2021,3,9,257.42999267578125,296.3429870605469,314.70001220703125,253.02999877929688,62728600,201104117,51770231366.379456,51.770231366379456,,,,,,,,54.196968,19.387533,4.6479177,7.2364964,,,,19.601368753894178,,Technology,Software - Application,United States,6838,2021-Q3
DOCU,DOCUSIGN INC,2021-10-01 00:00:00-04:00,2021,4,10,278.2900085449219,257.0,288.5,241.95199584960938,39879900,201104117,55965266438.34897,55.96526643834897,,,,,,,,54.196968,19.387533,4.6479177,7.2364964,,,,37.59703759946693,,Technology,Software - Application,United States,6838,2021-Q4
DOCU,DOCUSIGN INC,2021-11-01 00:00:00-04:00,2021,4,11,246.36000061035156,277.2699890136719,288.135009765625,233.3300018310547,36277000,201104117,49544010386.86421,49.544010386864215,,,,,,,,54.196968,19.387533,4.6479177,7.2364964,,,,8.109529283643123,,Technology,Software - Application,United States,6838,2021-Q4
DOCU,DOCUSIGN INC,2021-12-01 00:00:00-05:00,2021,4,12,152.30999755859375,248.0800018310547,249.63999938964844,131.50999450683594,236916600,201104117,30630167569.29315,30.630167569293153,,,,,,,,54.196968,19.387533,4.6479177,7.2364964,,,,-31.484482470685514,,Technology,Software - Application,United States,6838,2021-Q4
DOCU,DOCUSIGN INC,2022-01-01 00:00:00-05:00,2022,1,1,125.7699966430664,152.35000610351562,157.3699951171875,108.05999755859375,102490300,201104117,25292864119.996834,25.292864119996835,,,,,,,,54.196968,19.387533,4.6479177,7.2364964,,,,-45.99596505960716,,Technology,Software - Application,United States,6838,2022-Q1
DOCU,DOCUSIGN INC,2022-02-01 00:00:00-05:00,2022,1,2,118.43000030517578,127.58999633789062,131.90699768066406,100.0,65824900,201104117,23816760637.682106,23.816760637682105,,,,,,,,54.196968,19.387533,4.6479177,7.2364964,,,,-47.74993453113861,,Technology,Software - Application,United States,6838,2022-Q1
DOCU,DOCUSIGN INC,2022-03-01 00:00:00-05:00,2022,1,3,107.12000274658203,117.55000305175781,123.5,71.0,193898300,201104117,21542273565.388954,21.542273565388953,,,,,,,,54.196968,19.387533,4.6479177,7.2364964,,,,-47.08816776422672,,Technology,Software - Application,United States,6838,2022-Q1
DOCU,DOCUSIGN INC,2022-04-01 00:00:00-04:00,2022,2,4,81.0,107.0,113.66999816894531,80.63099670410156,79003600,201104117,16289433477.0,16.289433477,,,,,,,,54.196968,19.387533,4.6479177,7.2364964,,,,-63.66735484301941,,Technology,Software - Application,United States,6838,2022-Q2
DOCU,DOCUSIGN INC,2022-05-01 00:00:00-04:00,2022,2,5,83.91000366210938,80.7300033569336,88.58000183105469,64.83999633789062,92732400,201104117,16874647193.935272,16.87464719393527,,,,,,,,54.196968,19.387533,4.6479177,7.2364964,,,,-58.382102125665455,,Technology,Software - Application,United States,6838,2022-Q2
DOCU,DOCUSIGN INC,2022-06-01 00:00:00-04:00,2022,2,6,57.380001068115234,85.31999969482422,92.04000091552734,55.86000061035156,161964000,201104117,11539354448.262371,11.53935444826237,,,,,,,,54.196968,19.387533,4.6479177,7.2364964,,,,-79.4756234342508,,Technology,Software - Application,United States,6838,2022-Q2
DOCU,DOCUSIGN INC,2022-07-01 00:00:00-04:00,2022,3,7,63.97999954223633,58.0,68.94999694824219,57.0,70606200,201104117,12866641313.601841,12.866641313601841,,,,,,,,54.196968,19.387533,4.6479177,7.2364964,,,,-78.53308357673296,,Technology,Software - Application,United States,6838,2022-Q3
DOCU,DOCUSIGN INC,2022-08-01 00:00:00-04:00,2022,3,8,58.220001220703125,63.310001373291016,77.23999786376953,56.91999816894531,69265400,201104117,11708281937.228424,11.708281937228424,,,,,,,,54.196968,19.387533,4.6479177,7.2364964,,,,-80.34701487309616,,Technology,Software - Application,United States,6838,2022-Q3
DOCU,DOCUSIGN INC,2022-09-01 00:00:00-04:00,2022,3,9,53.470001220703125,57.18000030517578,67.3499984741211,51.119998931884766,140779000,201104117,10753037381.478424,10.753037381478425,,,,,,,,54.196968,19.387533,4.6479177,7.2364964,,,,-79.22930398865931,,Technology,Software - Application,United States,6838,2022-Q3
DOCU,DOCUSIGN INC,2022-10-01 00:00:00-04:00,2022,4,10,48.29999923706055,51.369998931884766,56.625,42.130001068115234,97241700,201104117,9713328697.669735,9.713328697669734,,,,,,,,54.196968,19.387533,4.6479177,7.2364964,,,,-82.64400526285372,,Technology,Software - Application,United States,6838,2022-Q4
DOCU,DOCUSIGN INC,2022-11-01 00:00:00-04:00,2022,4,11,47.06999969482422,49.72999954223633,54.32500076293945,39.56999969482422,94518300,201104117,9465970725.817894,9.465970725817893,,,,,,,,54.196968,19.387533,4.6479177,7.2364964,,,,-80.893814102042,,Technology,Software - Application,United States,6838,2022-Q4
DOCU,DOCUSIGN INC,2022-12-01 00:00:00-05:00,2022,4,12,55.41999816894531,46.66999816894531,61.599998474121094,40.7599983215332,177054100,201104117,11145189795.907364,11.145189795907363,,,,,,,,54.196968,19.387533,4.6479177,7.2364964,,,,-63.61368323991654,,Technology,Software - Application,United States,6838,2022-Q4
DOCU,DOCUSIGN INC,2023-01-01 00:00:00-05:00,2023,1,1,60.63999938964844,56.435001373291016,61.27000045776367,52.16999816894531,84361800,201104117,12194953532.135788,12.194953532135788,,,,,,,,54.196968,19.387533,4.6479177,7.2364964,,,,-51.78500357144482,,Technology,Software - Application,United States,6838,2023-Q1
DOCU,DOCUSIGN INC,2023-02-01 00:00:00-05:00,2023,1,2,61.349998474121094,61.0,69.44999694824219,58.060001373291016,70602100,201104117,12337737271.08947,12.33773727108947,,,,,,,,54.196968,19.387533,4.6479177,7.2364964,,,,-48.197248741001744,,Technology,Software - Application,United States,6838,2023-Q1
DOCU,DOCUSIGN INC,2023-03-01 00:00:00-05:00,2023,1,3,58.29999923706055,60.790000915527344,66.9800033569336,47.779998779296875,123245200,201104117,11724369867.669735,11.724369867669735,,,,,,,,54.196968,19.387533,4.6479177,7.2364964,,,,-45.57505811964631,,Technology,Software - Application,United States,6838,2023-Q1
DOCU,DOCUSIGN INC,2023-04-01 00:00:00-04:00,2023,2,4,49.439998626708984,57.29999923706055,58.689998626708984,47.810001373291016,59839800,201104117,9942587268.305523,9.942587268305523,,,,,,,,54.196968,19.387533,4.6479177,7.2364964,,,,-38.96296465838397,,Technology,Software - Application,United States,6838,2023-Q2
DOCU,DOCUSIGN INC,2023-05-01 00:00:00-04:00,2023,2,5,56.400001525878906,49.20000076293945,56.97999954223633,46.79999923706055,55587300,201104117,11342272505.66053,11.34227250566053,,,,,,,,54.196968,19.387533,4.6479177,7.2364964,,,,-32.785128036709835,,Technology,Software - Application,United States,6838,2023-Q2
DOCU,DOCUSIGN INC,2023-06-01 00:00:00-04:00,2023,2,6,51.09000015258789,56.09000015258789,64.70999908447266,49.310001373291016,131627900,201104117,10274409368.216053,10.274409368216054,,,,,,,,54.196968,19.387533,4.6479177,7.2364964,,,,-10.96200905967315,,Technology,Software - Application,United States,6838,2023-Q2
DOCU,DOCUSIGN INC,2023-07-01 00:00:00-04:00,2023,3,7,53.81999969482422,51.130001068115234,55.279998779296875,48.7400016784668,50654800,201104117,10823423515.567894,10.823423515567894,,,,,,,,54.196968,19.387533,4.6479177,7.2364964,,,,-15.879962363402322,,Technology,Software - Application,United States,6838,2023-Q3
DOCU,DOCUSIGN INC,2023-08-01 00:00:00-04:00,2023,3,8,50.29999923706055,53.369998931884766,53.52000045776367,46.65999984741211,47808700,201104117,10115536931.669735,10.115536931669736,,,,,,,,54.196968,19.387533,4.6479177,7.2364964,,,,-13.603575777367405,,Technology,Software - Application,United States,6838,2023-Q3
DOCU,DOCUSIGN INC,2023-09-01 00:00:00-04:00,2023,3,9,42.0,50.709999084472656,53.400001525878906,40.595001220703125,110115400,201104117,8446372914.0,8.446372914,,,,,,,,54.196968,19.387533,4.6479177,7.2364964,,,,-21.45128288544351,,Technology,Software - Application,United States,6838,2023-Q3
DOCU,DOCUSIGN INC,2023-10-01 00:00:00-04:00,2023,4,10,38.880001068115234,41.939998626708984,43.06999969482422,38.11000061035156,58775800,201104117,7818928283.762371,7.8189282837623715,,,,,,,,54.196968,19.387533,4.6479177,7.2364964,,,,-19.503102107126658,,Technology,Software - Application,United States,6838,2023-Q4
DOCU,DOCUSIGN INC,2023-11-01 00:00:00-04:00,2023,4,11,43.099998474121094,38.810001373291016,44.33000183105469,38.20000076293945,55956600,201104117,8667587135.83947,8.66758713583947,,,,,,,,54.196968,19.387533,4.6479177,7.2364964,,,,-8.434249514430448,,Technology,Software - Application,United States,6838,2023-Q4
DOCU,DOCUSIGN INC,2023-12-01 00:00:00-05:00,2023,4,12,59.45000076293945,43.13999938964844,64.76000213623047,42.7599983215332,150912400,201104117,11955639909.080265,11.955639909080265,,,,,,,,54.196968,19.387533,4.6479177,7.2364964,,,,7.271747973915232,,Technology,Software - Application,United States,6838,2023-Q4
DOCU,DOCUSIGN INC,2024-01-01 00:00:00-05:00,2024,1,1,60.91999816894531,58.88999938964844,64.69999694824219,54.2400016784668,78746100,201104117,12251262439.407364,12.251262439407364,,,,,,,,54.196968,19.387533,4.6479177,7.2364964,,,,0.4617394164167399,2023.0,Technology,Software - Application,United States,6838,2024-Q1
DOCU,DOCUSIGN INC,2024-02-01 00:00:00-05:00,2024,1,2,53.27000045776367,61.150001525878906,62.689998626708984,49.119998931884766,78269900,201104117,10712816404.648159,10.712816404648159,,,,,,,,54.196968,19.387533,4.6479177,7.2364964,,,,-13.170331242576571,2023.0,Technology,Software - Application,United States,6838,2024-Q1
DOCU,DOCUSIGN INC,2024-03-01 00:00:00-05:00,2024,1,3,59.54999923706055,53.0,60.47999954223633,51.119998931884766,76237300,201104117,11975750013.919735,11.975750013919734,,,,,,,,54.196968,19.387533,4.6479177,7.2364964,,,,2.1440823608199766,2023.0,Technology,Software - Application,United States,6838,2024-Q1
DOCU,DOCUSIGN INC,2024-04-01 00:00:00-04:00,2024,2,4,56.599998474121094,59.31999969482422,61.46500015258789,54.63999938964844,32938900,201104117,11382492715.33947,11.38249271533947,,,,,,,,54.196968,19.387533,4.6479177,7.2364964,,,,14.482200740887684,,Technology,Software - Application,United States,6838,2024-Q2
DOCU,DOCUSIGN INC,2024-05-01 00:00:00-04:00,2024,2,5,54.7400016784668,56.36000061035156,61.13999938964844,53.5,31808900,201104117,11008439702.126583,11.008439702126584,,,,,,,,54.196968,19.387533,4.6479177,7.2364964,,,,-2.9432620611728577,,Technology,Software - Application,United States,6838,2024-Q2
DOCU,DOCUSIGN INC,2024-06-01 00:00:00-04:00,2024,2,6,53.5,54.88999938964844,54.900001525878906,48.70000076293945,73458200,201104117,10759070259.5,10.7590702595,,,,,,,,54.196968,19.387533,4.6479177,7.2364964,,,,4.717165473114671,,Technology,Software - Application,United States,6838,2024-Q2
DOCU,DOCUSIGN INC,2024-07-01 00:00:00-04:00,2024,3,7,55.47999954223633,53.619998931884766,58.09600067138672,51.58000183105469,37914200,201104117,11157256319.101841,11.15725631910184,736027000.0,736.027,580562000.0,888211000.0,58398000.0,99453000.0,3.7896898887886725,54.196968,19.387533,4.6479177,7.2364964,,,,3.084354992242311,,Technology,Software - Application,United States,6838,2024-Q3
DOCU,DOCUSIGN INC,2024-08-01 00:00:00-04:00,2024,3,8,59.209999084472656,55.439998626708984,59.779998779296875,48.79999923706055,35180800,201104117,11907374583.453682,11.907374583453683,736027000.0,736.027,580562000.0,888211000.0,58398000.0,99453000.0,4.0444761481079095,54.196968,19.387533,4.6479177,7.2364964,,0.0,,17.713717659159144,,Technology,Software - Application,United States,6838,2024-Q3
DOCU,DOCUSIGN INC,2024-09-01 00:00:00-04:00,2024,3,9,62.09000015258789,59.209999084472656,63.369998931884766,54.314998626708984,60914700,201104117,12486554655.216053,12.486554655216054,736027000.0,736.027,580562000.0,888211000.0,58398000.0,99453000.0,4.241201292621077,54.196968,19.387533,4.6479177,7.2364964,,0.0,,47.83333369663782,,Technology,Software - Application,United States,6838,2024-Q3
DOCU,DOCUSIGN INC,2024-10-01 00:00:00-04:00,2024,4,10,69.37999725341797,62.09000015258789,73.80000305175781,60.599998474121094,108500700,201104117,13952603085.111046,13.952603085111045,754820000.0,754.82,598283000.0,62423000.0,59030000.0,99605000.0,4.62116898237694,54.196968,19.387533,4.6479177,7.2364964,,2.553303071762314,,78.44649009105922,,Technology,Software - Application,United States,6838,2024-Q4
DOCU,DOCUSIGN INC,2024-11-01 00:00:00-04:00,2024,4,11,79.69000244140625,69.87000274658203,86.75,69.27999877929688,49411100,201104117,16025987574.706848,16.02598757470685,754820000.0,754.82,598283000.0,62423000.0,59030000.0,99605000.0,5.30788385797503,54.196968,19.387533,4.6479177,7.2364964,,0.0,2.553303071762314,84.89560385774773,,Technology,Software - Application,United States,6838,2024-Q4
DOCU,DOCUSIGN INC,2024-12-01 00:00:00-05:00,2024,4,12,89.94000244140625,79.58999633789062,107.86000061035156,79.05999755859375,96706600,201104117,18087304773.95685,18.08730477395685,754820000.0,754.82,598283000.0,62423000.0,59030000.0,99605000.0,5.9906019892016795,54.196968,19.387533,4.6479177,7.2364964,,0.0,2.553303071762314,51.28679779172343,,Technology,Software - Application,United States,6838,2024-Q4
DOCU,DOCUSIGN INC,2025-01-01 00:00:00-05:00,2025,1,1,96.7300033569336,90.5199966430664,99.08999633789062,87.08000183105469,42613900,201104117,19452801912.503166,19.452801912503165,776252000.0,776.252,616041000.0,83491000.0,60469000.0,96994000.0,6.26497642276708,54.196968,19.387533,4.6479177,7.2364964,,2.8393524283935268,5.465152772928161,58.78201947524493,4.0,Technology,Software - Application,United States,6838,2025-Q1
DOCU,DOCUSIGN INC,2025-02-01 00:00:00-05:00,2025,1,2,83.16999816894531,93.06199645996094,99.30000305175781,78.51399993896484,37072500,201104117,16725829042.657364,16.725829042657363,776252000.0,776.252,616041000.0,83491000.0,60469000.0,96994000.0,5.386726553573248,54.196968,19.387533,4.6479177,7.2364964,,0.0,2.8393524283935268,56.12914859065663,4.0,Technology,Software - Application,United States,6838,2025-Q1
DOCU,DOCUSIGN INC,2025-03-01 00:00:00-05:00,2025,1,3,81.4000015258789,84.48999786376953,90.81999969482422,74.26000213623047,68565000,201104117,16369875430.66053,16.36987543066053,776252000.0,776.252,616041000.0,83491000.0,60469000.0,96994000.0,5.2720880044948455,54.196968,19.387533,4.6479177,7.2364964,,0.0,2.8393524283935268,36.69185989715371,4.0,Technology,Software - Application,United States,6838,2025-Q1
DOCU,DOCUSIGN INC,2025-04-01 00:00:00-04:00,2025,2,4,81.75,81.47000122070312,84.30000305175781,67.30000305175781,43830800,201104117,16440261564.75,16.44026156475,763654000.0,763.654,606385000.0,72087000.0,60255000.0,104637000.0,5.382104187482158,54.196968,19.387533,4.6479177,7.2364964,,-1.622926575390471,1.170345247873672,44.43463286907703,,Technology,Software - Application,United States,6838,2025-Q2
DOCU,DOCUSIGN INC,2025-05-01 00:00:00-04:00,2025,2,5,88.61000061035156,82.4000015258789,92.97000122070312,80.54000091552734,38405000,201104117,17819835930.114212,17.819835930114213,763654000.0,763.654,606385000.0,72087000.0,60255000.0,104637000.0,5.833740126455899,54.196968,19.387533,4.6479177,7.2364964,,0.0,-1.622926575390471,61.87431109489403,,Technology,Software - Application,United States,6838,2025-Q2
DOCU,DOCUSIGN INC,2025-06-01 00:00:00-04:00,2025,2,6,77.88999938964844,88.30000305175781,94.66999816894531,73.5999984741211,96233100,201104117,15663999550.385788,15.663999550385787,763654000.0,763.654,606385000.0,72087000.0,60255000.0,104637000.0,5.127976659058222,54.196968,19.387533,4.6479177,7.2364964,,0.0,-1.622926575390471,45.588783905884924,,Technology,Software - Application,United States,6838,2025-Q2
DOCU,DOCUSIGN INC,2025-07-01 00:00:00-04:00,2025,3,7,75.63999938964844,77.48500061035156,81.7300033569336,73.27999877929688,48456600,201104117,15211515287.135788,15.211515287135787,800636000.0,800.636,635173000.0,62970000.0,65227000.0,106168000.0,4.7498224184073,54.196968,19.387533,4.6479177,7.2364964,,4.842769107475364,3.141247945254899,36.337418914476594,,Technology,Software - Application,United States,6838,2025-Q3
DOCU,DOCUSIGN INC,2025-08-01 00:00:00-04:00,2025,3,8,76.66000366210938,74.88999938964844,77.19000244140625,66.35199737548828,48327500,201104117,15416642345.685272,15.416642345685272,800636000.0,800.636,635173000.0,62970000.0,65227000.0,106168000.0,4.813873703432419,54.196968,19.387533,4.6479177,7.2364964,,0.0,4.842769107475364,29.471381265757923,,Technology,Software - Application,United States,6838,2025-Q3
DOCU,DOCUSIGN INC,2025-09-01 00:00:00-04:00,2025,3,9,72.08999633789062,74.63999938964844,86.6500015258789,72.0199966430664,81923200,201104117,14497595058.064728,14.497595058064729,800636000.0,800.636,635173000.0,62970000.0,65227000.0,106168000.0,4.52689957048669,54.196968,19.387533,4.6479177,7.2364964,,0.0,4.842769107475364,16.105646900833428,,Technology,Software - Application,United States,6838,2025-Q3
DOCU,DOCUSIGN INC,2025-10-01 00:00:00-04:00,2025,4,10,71.54000091552734,71.27999877929688,73.9000015258789,67.98999786376953,32713439,201104117,14386988714.296318,14.386988714296319,,,,,,,,54.196968,19.387533,4.6479177,7.2364964,,0.0,4.842769107475364,3.113294533898192,,Technology,Software - Application,United States,6838,2025-Q4
