ticker,company_name,date,year,quarter,month,close_price,open_price,high_price,low_price,volume,shares_outstanding,market_cap,market_cap_billions,revenue,revenue_millions,gross_profit,net_income,operating_income,ebitda,ps_ratio,current_pe,forward_pe,current_ps,current_pb,peg_ratio,revenue_qoq_pct,revenue_yoy_pct,market_cap_yoy_pct,sector,industry,country,employees,year_quarter
DXC,DXC TECHNOLOGY CO,2015-01-01 00:00:00-05:00,2015,1,1,20.333030700683594,21.214308582109535,21.78730528581709,20.245909688830483,43841992,178998669,3639585432.1585007,3.639585432158501,,,,,,,,6.604878,4.153374,0.18943584,0.76766074,,,,,Technology,Information Technology Services,United States,120000,2015-Q1
DXC,DXC TECHNOLOGY CO,2015-02-01 00:00:00-05:00,2015,1,2,23.764312744140625,20.21239834813894,24.55846696718963,20.038153767684822,88498375,178998669,4253780350.9009094,4.253780350900909,,,,,,,,6.604878,4.153374,0.18943584,0.76766074,,,,,Technology,Information Technology Services,United States,120000,2015-Q1
DXC,DXC TECHNOLOGY CO,2015-03-01 00:00:00-05:00,2015,1,3,21.874425888061523,23.764311707033844,23.84473029996379,21.46562022476339,61496904,178998669,3915493119.1021557,3.915493119102156,,,,,,,,6.604878,4.153374,0.18943584,0.76766074,,,,,Technology,Information Technology Services,United States,120000,2015-Q1
DXC,DXC TECHNOLOGY CO,2015-04-01 00:00:00-04:00,2015,2,4,21.673755645751953,21.925972782390872,22.45058122476063,21.492161011576666,44077694,178998669,3879573412.820835,3.879573412820835,,,,,,,,6.604878,4.153374,0.18943584,0.76766074,,,,,Technology,Information Technology Services,United States,120000,2015-Q2
DXC,DXC TECHNOLOGY CO,2015-05-01 00:00:00-04:00,2015,2,5,23.069351196289062,21.788096417431614,23.876444541471145,21.471985782498034,59277762,178998669,4129383158.8293,4.1293831588293,,,,,,,,6.604878,4.153374,0.18943584,0.76766074,,,,,Technology,Information Technology Services,United States,120000,2015-Q2
DXC,DXC TECHNOLOGY CO,2015-06-01 00:00:00-04:00,2015,2,6,22.07394027709961,23.12652173280654,23.40900401175513,22.01004550664848,45842342,178998669,3951205929.1863213,3.951205929186321,,,,,,,,6.604878,4.153374,0.18943584,0.76766074,,,,,Technology,Information Technology Services,United States,120000,2015-Q2
DXC,DXC TECHNOLOGY CO,2015-07-01 00:00:00-04:00,2015,3,7,22.07976531982422,22.309235694426217,23.139377377060068,21.556709105750375,37576262,178998669,3952248604.0808945,3.9522486040808946,,,,,,,,6.604878,4.153374,0.18943584,0.76766074,,,,,Technology,Information Technology Services,United States,120000,2015-Q3
DXC,DXC TECHNOLOGY CO,2015-08-01 00:00:00-04:00,2015,3,8,20.918916702270508,22.076392017783537,22.943653805926083,19.832306667165494,56698322,178998669,3744458246.62829,3.74445824662829,,,,,,,,6.604878,4.153374,0.18943584,0.76766074,,,,,Technology,Information Technology Services,United States,120000,2015-Q3
DXC,DXC TECHNOLOGY CO,2015-09-01 00:00:00-04:00,2015,3,9,20.713069915771484,20.682699633861596,21.266497760884427,19.94029509985404,45472183,178998669,3707611945.827038,3.707611945827038,,,,,,,,6.604878,4.153374,0.18943584,0.76766074,,,,,Technology,Information Technology Services,United States,120000,2015-Q3
DXC,DXC TECHNOLOGY CO,2015-10-01 00:00:00-04:00,2015,4,10,22.557510375976562,20.83326128828524,22.70994751558667,20.396270573021177,41814672,178998669,4037764333.2534943,4.037764333253494,,,,,,,,6.604878,4.153374,0.18943584,0.76766074,,,,,Technology,Information Technology Services,United States,120000,2015-Q4
DXC,DXC TECHNOLOGY CO,2015-11-01 00:00:00-04:00,2015,4,11,18.479543685913086,22.567675738707862,24.102222650713337,17.565299177064766,126101091,178998669,3307813723.5057964,3.3078137235057965,,,,,,,,6.604878,4.153374,0.18943584,0.76766074,,,,,Technology,Information Technology Services,United States,120000,2015-Q4
DXC,DXC TECHNOLOGY CO,2015-12-01 00:00:00-05:00,2015,4,12,26.276823043823242,25.159174457869288,27.064806826576845,23.72793929500403,77571300,178998669,4703516350.392889,4.703516350392889,,,,,,,,6.604878,4.153374,0.18943584,0.76766074,,,,,Technology,Information Technology Services,United States,120000,2015-Q4
DXC,DXC TECHNOLOGY CO,2016-01-01 00:00:00-05:00,2016,1,1,25.895801544189453,25.726232400710966,25.968474034251663,22.73049068802357,43471149,178998669,4635314009.098057,4.635314009098057,,,,,,,,6.604878,4.153374,0.18943584,0.76766074,,,,27.35829658349378,Technology,Information Technology Services,United States,120000,2016-Q1
DXC,DXC TECHNOLOGY CO,2016-02-01 00:00:00-05:00,2016,1,2,23.263427734375,25.758532786370413,25.960402017672113,19.5974797165072,56123454,178998669,4164122600.8308105,4.164122600830811,,,,,,,,6.604878,4.153374,0.18943584,0.76766074,,,,-2.107719314917378,Technology,Information Technology Services,United States,120000,2016-Q1
DXC,DXC TECHNOLOGY CO,2016-03-01 00:00:00-05:00,2016,1,3,27.769155502319336,23.441076625356253,27.84990392017742,23.319953998569126,33778089,178998669,4970641874.169188,4.970641874169187,,,,,,,,6.604878,4.153374,0.18943584,0.76766074,,,,26.94804263400119,Technology,Information Technology Services,United States,120000,2016-Q1
DXC,DXC TECHNOLOGY CO,2016-04-01 00:00:00-04:00,2016,2,4,26.751733779907227,27.51883659148288,27.769154182379882,26.251096817709865,26304665,178998669,4788524740.0457325,4.788524740045733,,,,,,,,6.604878,4.153374,0.18943584,0.76766074,,,,23.429156520690753,Technology,Information Technology Services,United States,120000,2016-Q2
DXC,DXC TECHNOLOGY CO,2016-05-01 00:00:00-04:00,2016,2,5,39.89029312133789,26.88540879288264,41.43077004585417,26.439480697570758,65100256,178998669,7140309374.739338,7.140309374739338,,,,,,,,6.604878,4.153374,0.18943584,0.76766074,,,,72.91467272714046,Technology,Information Technology Services,United States,120000,2016-Q2
DXC,DXC TECHNOLOGY CO,2016-06-01 00:00:00-04:00,2016,2,6,40.25513458251953,39.582190766824596,42.60639241591305,37.993064141776564,51493673,178998669,7205615510.686867,7.205615510686867,,,,,,,,6.604878,4.153374,0.18943584,0.76766074,,,,82.36497008321537,Technology,Information Technology Services,United States,120000,2016-Q2
DXC,DXC TECHNOLOGY CO,2016-07-01 00:00:00-04:00,2016,3,7,38.883209228515625,40.30586368069592,40.793628053506524,38.379180068409404,27440897,178998669,6960042698.352814,6.960042698352813,,,,,,,,6.604878,4.153374,0.18943584,0.76766074,,,,76.10336280886332,Technology,Information Technology Services,United States,120000,2016-Q3
DXC,DXC TECHNOLOGY CO,2016-08-01 00:00:00-04:00,2016,3,8,38.24098587036133,38.891340834134375,39.99694857445444,36.88336531271008,36621617,178998669,6845085572.042484,6.845085572042485,,,,,,,,6.604878,4.153374,0.18943584,0.76766074,,,,82.80576577949998,Technology,Information Technology Services,United States,120000,2016-Q3
DXC,DXC TECHNOLOGY CO,2016-09-01 00:00:00-04:00,2016,3,9,42.57317352294922,38.39821382946546,43.59245005443823,37.14246413583607,42545076,178998669,7620541395.713951,7.620541395713951,,,,,,,,6.604878,4.153374,0.18943584,0.76766074,,,,105.53772905740479,Technology,Information Technology Services,United States,120000,2016-Q3
DXC,DXC TECHNOLOGY CO,2016-10-01 00:00:00-04:00,2016,4,10,44.399723052978516,42.344859100305,46.4301209149399,41.10541643784433,42042565,178998669,7947491330.451771,7.947491330451771,,,,,,,,6.604878,4.153374,0.18943584,0.76766074,,,,96.8290042338343,Technology,Information Technology Services,United States,120000,2016-Q4
DXC,DXC TECHNOLOGY CO,2016-11-01 00:00:00-04:00,2016,4,11,49.43903350830078,44.522039263672966,51.64882797922986,42.1410073142638,58250608,178998669,8849521194.63224,8.84952119463224,,,,,,,,6.604878,4.153374,0.18943584,0.76766074,,,,167.5338436305007,Technology,Information Technology Services,United States,120000,2016-Q4
DXC,DXC TECHNOLOGY CO,2016-12-01 00:00:00-05:00,2016,4,12,48.452369689941406,49.56134457582464,50.523544484350246,47.79187869599252,30413088,178998669,8672909684.395454,8.672909684395455,,,,,,,,6.604878,4.153374,0.18943584,0.76766074,,,,84.39203860046109,Technology,Information Technology Services,United States,120000,2016-Q4
DXC,DXC TECHNOLOGY CO,2017-01-01 00:00:00-05:00,2017,1,1,50.838401794433594,48.62341580256726,51.320630219520524,46.63728764391581,35961542,178998669,9100006255.290825,9.100006255290825,,,,,,,,6.604878,4.153374,0.18943584,0.76766074,,,,96.31908943880829,Technology,Information Technology Services,United States,120000,2017-Q1
DXC,DXC TECHNOLOGY CO,2017-02-01 00:00:00-05:00,2017,1,2,56.03666687011719,50.98552121925103,58.67667041345176,50.3479984716662,45087004,178998669,10030488784.947372,10.030488784947373,,,,,,,,6.604878,4.153374,0.18943584,0.76766074,,,,140.8788056083201,Technology,Information Technology Services,United States,120000,2017-Q1
DXC,DXC TECHNOLOGY CO,2017-03-01 00:00:00-05:00,2017,1,3,56.40446853637695,56.53524289205815,61.23493796443663,52.26056898100264,53562219,178998669,10096324793.663853,10.096324793663852,,,,,,,,6.604878,4.153374,0.18943584,0.76766074,,,,103.11913529983272,Technology,Information Technology Services,United States,120000,2017-Q1
DXC,DXC TECHNOLOGY CO,2017-04-01 00:00:00-04:00,2017,2,4,61.70555114746094,56.77500184934564,63.87597595435853,55.497319801942126,110762255,178998669,11045211525.30693,11.04521152530693,,,,,,,,6.604878,4.153374,0.18943584,0.76766074,,,,130.66000751624904,Technology,Information Technology Services,United States,120000,2017-Q2
DXC,DXC TECHNOLOGY CO,2017-05-01 00:00:00-04:00,2017,2,5,63.49104690551758,61.73832661303693,66.20202719124008,61.386145713358005,52236983,178998669,11364812889.504215,11.364812889504215,,,,,,,,6.604878,4.153374,0.18943584,0.76766074,,,,59.16415232244885,Technology,Information Technology Services,United States,120000,2017-Q2
DXC,DXC TECHNOLOGY CO,2017-06-01 00:00:00-04:00,2017,2,6,62.8358154296875,63.31085323996957,64.95709910829832,60.206735452440526,57778266,178998669,11247527327.443726,11.247527327443725,,,,,,,,6.604878,4.153374,0.18943584,0.76766074,,,,56.09391468032365,Technology,Information Technology Services,United States,120000,2017-Q2
DXC,DXC TECHNOLOGY CO,2017-07-01 00:00:00-04:00,2017,3,7,64.34750366210938,63.01753633352818,66.27678244066387,62.098052927116406,31932767,178998669,11518117508.990204,11.518117508990203,,,,,,,,6.604878,4.153374,0.18943584,0.76766074,,,,65.48917884822917,Technology,Information Technology Services,United States,120000,2017-Q3
DXC,DXC TECHNOLOGY CO,2017-08-01 00:00:00-04:00,2017,3,8,69.78231048583984,64.65125473041522,70.66895769656914,63.42801392297552,42869913,178998669,12490940696.710075,12.490940696710075,,,,,,,,6.604878,4.153374,0.18943584,0.76766074,,,,82.48041701227325,Technology,Information Technology Services,United States,120000,2017-Q3
DXC,DXC TECHNOLOGY CO,2017-09-01 00:00:00-04:00,2017,3,9,70.5047607421875,69.88903493747074,70.84136157016644,68.5672786144218,38527629,178998669,12620258331.015015,12.620258331015014,,,,,,,,6.604878,4.153374,0.18943584,0.76766074,,,,65.60842170758461,Technology,Information Technology Services,United States,120000,2017-Q3
DXC,DXC TECHNOLOGY CO,2017-10-01 00:00:00-04:00,2017,4,10,75.29447174072266,70.65438563459843,76.84116710943074,69.8069908581845,40308216,178998669,13477610224.647469,13.477610224647469,,,,,,,,6.604878,4.153374,0.18943584,0.76766074,,,,69.58320134312548,Technology,Information Technology Services,United States,120000,2017-Q4
DXC,DXC TECHNOLOGY CO,2017-11-01 00:00:00-04:00,2017,4,11,79.09539031982422,75.68114130029369,81.81033156419389,74.16735187741804,39871597,178998669,14157969591.28402,14.157969591284019,,,,,,,,6.604878,4.153374,0.18943584,0.76766074,,,,59.98571312391079,Technology,Information Technology Services,United States,120000,2017-Q4
DXC,DXC TECHNOLOGY CO,2017-12-01 00:00:00-05:00,2017,4,12,78.07523345947266,79.06247957263054,79.64660623621683,75.7140492802793,31696594,178998669,13975362871.10987,13.975362871109871,,,,,,,,6.604878,4.153374,0.18943584,0.76766074,,,,61.13811142591212,Technology,Information Technology Services,United States,120000,2017-Q4
DXC,DXC TECHNOLOGY CO,2018-01-01 00:00:00-05:00,2018,1,1,82.05928039550781,78.22628234508909,84.86190872334022,77.93777242516559,35297764,178998669,14688501969.893692,14.688501969893691,,,,,,,,6.604878,4.153374,0.18943584,0.76766074,,,,61.41199860553574,Technology,Information Technology Services,United States,120000,2018-Q1
DXC,DXC TECHNOLOGY CO,2018-02-01 00:00:00-05:00,2018,1,2,84.5239486694336,81.56470273389374,86.55173321765864,75.51432580593728,43388032,178998669,15129674310.452934,15.129674310452934,,,,,,,,6.604878,4.153374,0.18943584,0.76766074,,,,50.83685984633017,Technology,Information Technology Services,United States,120000,2018-Q1
DXC,DXC TECHNOLOGY CO,2018-03-01 00:00:00-05:00,2018,1,3,82.86710357666016,84.78772838844682,88.90099231244528,81.9850999701315,46161969,178998669,14833101244.107307,14.833101244107308,,,,,,,,6.604878,4.153374,0.18943584,0.76766074,,,,46.91584856121223,Technology,Information Technology Services,United States,120000,2018-Q1
DXC,DXC TECHNOLOGY CO,2018-04-01 00:00:00-04:00,2018,2,4,85.09996032714844,83.101684696696,86.69362137342395,81.20250355402943,38216088,178998669,15232779630.512375,15.232779630512375,,,,,,,,6.604878,4.153374,0.18943584,0.76766074,,,,37.912973378652225,Technology,Information Technology Services,United States,120000,2018-Q2
DXC,DXC TECHNOLOGY CO,2018-05-01 00:00:00-04:00,2018,2,5,76.05819702148438,85.18253736736546,86.71839645273441,72.7800386604473,59688905,178998669,13614316033.385468,13.614316033385467,,,,,,,,6.604878,4.153374,0.18943584,0.76766074,,,,19.793578352343523,Technology,Information Technology Services,United States,120000,2018-Q2
DXC,DXC TECHNOLOGY CO,2018-06-01 00:00:00-04:00,2018,2,6,76.94599151611328,77.15599290469513,81.93826547509464,74.41644191452475,55862000,178998669,13773230066.26957,13.77323006626957,,,,,,,,6.604878,4.153374,0.18943584,0.76766074,,,,22.455626603930835,Technology,Information Technology Services,United States,120000,2018-Q2
DXC,DXC TECHNOLOGY CO,2018-07-01 00:00:00-04:00,2018,3,7,81.07099914550781,76.22051588744115,84.69690389804451,76.22051588744115,38693800,178998669,14511600941.546036,14.511600941546035,,,,,,,,6.604878,4.153374,0.18943584,0.76766074,,,,25.98934617761397,Technology,Information Technology Services,United States,120000,2018-Q3
DXC,DXC TECHNOLOGY CO,2018-08-01 00:00:00-04:00,2018,3,8,87.14608001708984,80.7170414534017,87.47136285966731,80.43002760989602,39365500,178998669,15599032331.62658,15.59903233162658,,,,,,,,6.604878,4.153374,0.18943584,0.76766074,,,,24.882766721766014,Technology,Information Technology Services,United States,120000,2018-Q3
DXC,DXC TECHNOLOGY CO,2018-09-01 00:00:00-04:00,2018,3,9,89.47086334228516,86.48595458716733,92.56101731273822,85.26137588772771,31611300,178998669,16015165452.549934,16.015165452549933,,,,,,,,6.604878,4.153374,0.18943584,0.76766074,,,,26.90045665065144,Technology,Information Technology Services,United States,120000,2018-Q3
DXC,DXC TECHNOLOGY CO,2018-10-01 00:00:00-04:00,2018,4,10,69.82231140136719,90.21391227710632,90.74120162745702,65.75740715251168,54758400,178998669,12498100807.348251,12.498100807348251,,,,,,,,6.604878,4.153374,0.18943584,0.76766074,,,,-7.2676787722197105,Technology,Information Technology Services,United States,120000,2018-Q4
DXC,DXC TECHNOLOGY CO,2018-11-01 00:00:00-04:00,2018,4,11,60.43661880493164,70.46464812262316,70.58927683988853,55.21168838277442,90415300,178998669,10818074324.943134,10.818074324943135,,,,,,,,6.604878,4.153374,0.18943584,0.76766074,,,,-23.590213588232334,Technology,Information Technology Services,United States,120000,2018-Q4
DXC,DXC TECHNOLOGY CO,2018-12-01 00:00:00-05:00,2018,4,12,50.974220275878906,61.31862317951241,61.81715267437148,47.158584008237554,53031100,178998669,9124317582.695137,9.124317582695136,,,,,,,,6.604878,4.153374,0.18943584,0.76766074,,,,-34.711408448956306,Technology,Information Technology Services,United States,120000,2018-Q4
DXC,DXC TECHNOLOGY CO,2019-01-01 00:00:00-05:00,2019,1,1,61.6565055847168,50.271395798973685,61.94497515181015,50.11754316230884,53463700,178998669,11036432434.855373,11.036432434855373,,,,,,,,6.604878,4.153374,0.18943584,0.76766074,,,,-24.863458115223647,Technology,Information Technology Services,United States,120000,2019-Q1
DXC,DXC TECHNOLOGY CO,2019-02-01 00:00:00-05:00,2019,1,2,63.329647064208984,61.90650571316385,66.78171507109391,61.05070393472435,48021200,178998669,11335922532.733166,11.335922532733166,,,,,,,,6.604878,4.153374,0.18943584,0.76766074,,,,-25.07490709894994,Technology,Information Technology Services,United States,120000,2019-Q1
DXC,DXC TECHNOLOGY CO,2019-03-01 00:00:00-05:00,2019,1,3,61.839195251464844,63.916211163078906,65.02202941215464,60.733380670524994,37459000,178998669,11069133642.043327,11.069133642043328,,,,,,,,6.604878,4.153374,0.18943584,0.76766074,,,,-25.375459522055632,Technology,Information Technology Services,United States,120000,2019-Q1
DXC,DXC TECHNOLOGY CO,2019-04-01 00:00:00-04:00,2019,2,4,63.40125274658203,62.24394650558868,64.30781396207679,61.231301705226095,27001800,178998669,11348739854.570778,11.348739854570779,,,,,,,,6.604878,4.153374,0.18943584,0.76766074,,,,-25.497905636090078,Technology,Information Technology Services,United States,120000,2019-Q2
DXC,DXC TECHNOLOGY CO,2019-05-01 00:00:00-04:00,2019,2,5,45.84873580932617,63.65200894279287,64.7032279828993,45.655850197944545,64154800,178998669,8206862685.202023,8.206862685202022,,,,,,,,6.604878,4.153374,0.18943584,0.76766074,,,,-39.71887632785307,Technology,Information Technology Services,United States,120000,2019-Q2
DXC,DXC TECHNOLOGY CO,2019-06-01 00:00:00-04:00,2019,2,6,53.18800735473633,45.781227637343434,53.18800735473633,44.807156929024096,64419700,178998669,9520582523.260014,9.520582523260014,,,,,,,,6.604878,4.153374,0.18943584,0.76766074,,,,-30.876181712989936,Technology,Information Technology Services,United States,120000,2019-Q2
DXC,DXC TECHNOLOGY CO,2019-07-01 00:00:00-04:00,2019,3,7,54.029212951660156,54.261719596507106,55.443640077296315,52.68260057207323,45327700,178998669,9671157205.46473,9.671157205464729,,,,,,,,6.604878,4.153374,0.18943584,0.76766074,,,,-33.355683880634714,Technology,Information Technology Services,United States,120000,2019-Q3
DXC,DXC TECHNOLOGY CO,2019-08-01 00:00:00-04:00,2019,3,8,32.18308639526367,53.81608546085752,54.89143898972725,29.17016000590851,116195300,178998669,5760729629.064205,5.760729629064206,,,,,,,,6.604878,4.153374,0.18943584,0.76766074,,,,-63.06995519597395,Technology,Information Technology Services,United States,120000,2019-Q3
DXC,DXC TECHNOLOGY CO,2019-09-01 00:00:00-04:00,2019,3,9,28.579198837280273,31.63087747951178,35.380079817626935,28.259499398775777,121037300,178998669,5115638552.959517,5.115638552959516,,,,,,,,6.604878,4.153374,0.18943584,0.76766074,,,,-68.0575354146903,Technology,Information Technology Services,United States,120000,2019-Q3
DXC,DXC TECHNOLOGY CO,2019-10-01 00:00:00-04:00,2019,4,10,26.976852416992188,28.93650111172137,28.994997560343094,25.368186133130493,92915400,178998669,4828820676.451035,4.828820676451034,,,,,,,,6.604878,4.153374,0.18943584,0.76766074,,,,-61.363564345616965,Technology,Information Technology Services,United States,120000,2019-Q4
DXC,DXC TECHNOLOGY CO,2019-11-01 00:00:00-04:00,2019,4,11,36.39487075805664,27.054851700968623,36.97983903690903,26.986605525740433,109179300,178998669,6514633424.11916,6.51463342411916,,,,,,,,6.604878,4.153374,0.18943584,0.76766074,,,,-39.78010107493504,Technology,Information Technology Services,United States,120000,2019-Q4
DXC,DXC TECHNOLOGY CO,2019-12-01 00:00:00-05:00,2019,4,12,36.648353576660156,36.41436404923959,37.23332181650552,33.85024942147545,73430100,178998669,6560006511.263557,6.560006511263557,,,,,,,,6.604878,4.153374,0.18943584,0.76766074,,,,-28.10414092002851,Technology,Information Technology Services,United States,120000,2019-Q4
DXC,DXC TECHNOLOGY CO,2020-01-01 00:00:00-05:00,2020,1,1,31.26239776611328,37.29325533817211,37.62666877263113,30.77208411195568,68310400,178998669,5595927589.882851,5.595927589882851,,,,,,,,6.604878,4.153374,0.18943584,0.76766074,,,,-49.29586510030419,Technology,Information Technology Services,United States,120000,2020-Q1
DXC,DXC TECHNOLOGY CO,2020-02-01 00:00:00-05:00,2020,1,2,23.642925262451172,31.360461216483188,35.05742665845185,22.446558736072948,89588000,178998669,4232052153.2452354,4.2320521532452355,,,,,,,,6.604878,4.153374,0.18943584,0.76766074,,,,-62.66689242957574,Technology,Information Technology Services,United States,120000,2020-Q1
DXC,DXC TECHNOLOGY CO,2020-03-01 00:00:00-05:00,2020,1,3,12.797186851501465,23.897888869943046,23.956725986068157,7.746956005339603,164591600,178998669,2290679413.363063,2.290679413363063,,,,,,,,6.604878,4.153374,0.18943584,0.76766074,,,,-79.30570279987865,Technology,Information Technology Services,United States,120000,2020-Q1
DXC,DXC TECHNOLOGY CO,2020-04-01 00:00:00-04:00,2020,2,4,18.1299991607666,12.039999961853027,19.329999923706055,11.350000381469727,102846000,178998669,3245245718.7483387,3.245245718748339,,,,,,,,6.604878,4.153374,0.18943584,0.76766074,,,,-71.40435184580167,Technology,Information Technology Services,United States,120000,2020-Q2
DXC,DXC TECHNOLOGY CO,2020-05-01 00:00:00-04:00,2020,2,5,14.210000038146973,17.18000030517578,17.90999984741211,13.649999618530273,102843100,178998669,2543571093.3182573,2.543571093318257,,,,,,,,6.604878,4.153374,0.18943584,0.76766074,,,,-69.00677894971207,Technology,Information Technology Services,United States,120000,2020-Q2
DXC,DXC TECHNOLOGY CO,2020-06-01 00:00:00-04:00,2020,2,6,16.5,14.300000190734863,19.68000030517578,14.020000457763672,116454100,178998669,2953478038.5,2.9534780385,,,,,,,,6.604878,4.153374,0.18943584,0.76766074,,,,-68.97796924416892,Technology,Information Technology Services,United States,120000,2020-Q2
DXC,DXC TECHNOLOGY CO,2020-07-01 00:00:00-04:00,2020,3,7,17.90999984741211,16.450000762939453,17.989999771118164,14.729999542236328,72377200,178998669,3205866134.4769707,3.2058661344769708,,,,,,,,6.604878,4.153374,0.18943584,0.76766074,,,,-66.85126643722137,Technology,Information Technology Services,United States,120000,2020-Q3
DXC,DXC TECHNOLOGY CO,2020-08-01 00:00:00-04:00,2020,3,8,19.979999542236328,17.8799991607666,21.190000534057617,17.56999969482422,64565100,178998669,3576393324.680912,3.576393324680912,,,,,,,,6.604878,4.153374,0.18943584,0.76766074,,,,-37.91770218416109,Technology,Information Technology Services,United States,120000,2020-Q3
DXC,DXC TECHNOLOGY CO,2020-09-01 00:00:00-04:00,2020,3,9,17.850000381469727,19.75,22.700000762939453,15.640000343322754,70381700,178998669,3195126309.9325733,3.1951263099325735,,,,,,,,6.604878,4.153374,0.18943584,0.76766074,,,,-37.541984703275844,Technology,Information Technology Services,United States,120000,2020-Q3
DXC,DXC TECHNOLOGY CO,2020-10-01 00:00:00-04:00,2020,4,10,18.420000076293945,18.079999923706055,21.020000457763672,16.8799991607666,46709800,178998669,3297155496.6365147,3.2971554966365146,,,,,,,,6.604878,4.153374,0.18943584,0.76766074,,,,-31.71923917746775,Technology,Information Technology Services,United States,120000,2020-Q4
DXC,DXC TECHNOLOGY CO,2020-11-01 00:00:00-04:00,2020,4,11,21.90999984741211,18.649999618530273,23.780000686645508,18.030000686645508,56043300,178998669,3921860810.4769707,3.9218608104769705,,,,,,,,6.604878,4.153374,0.18943584,0.76766074,,,,-39.799209638457235,Technology,Information Technology Services,United States,120000,2020-Q4
DXC,DXC TECHNOLOGY CO,2020-12-01 00:00:00-05:00,2020,4,12,25.75,22.31999969482422,25.959999084472656,21.6299991607666,53273900,178998669,4609215726.75,4.60921572675,,,,,,,,6.604878,4.153374,0.18943584,0.76766074,,,,-29.737634881368514,Technology,Information Technology Services,United States,120000,2020-Q4
DXC,DXC TECHNOLOGY CO,2021-01-01 00:00:00-05:00,2021,1,1,28.200000762939453,26.950000762939453,30.139999389648438,25.559999465942383,68987800,178998669,5047762602.365147,5.047762602365147,,,,,,,,6.604878,4.153374,0.18943584,0.76766074,,,,-9.795784143253716,Technology,Information Technology Services,United States,120000,2021-Q1
DXC,DXC TECHNOLOGY CO,2021-02-01 00:00:00-05:00,2021,1,2,25.219999313354492,28.5,29.309999465942383,24.170000076293945,68958500,178998669,4514346309.271368,4.514346309271368,,,,,,,,6.604878,4.153374,0.18943584,0.76766074,,,,6.670384622024628,Technology,Information Technology Services,United States,120000,2021-Q1
DXC,DXC TECHNOLOGY CO,2021-03-01 00:00:00-05:00,2021,1,3,31.260000228881836,25.770000457763672,31.940000534057617,25.299999237060547,59131000,178998669,5595498433.909544,5.595498433909544,,,,,,,,6.604878,4.153374,0.18943584,0.76766074,,,,144.2724373069084,Technology,Information Technology Services,United States,120000,2021-Q1
DXC,DXC TECHNOLOGY CO,2021-04-01 00:00:00-04:00,2021,2,4,32.90999984741211,31.389999389648438,33.630001068115234,30.559999465942383,39900700,178998669,5890846169.476971,5.890846169476971,,,,,,,,6.604878,4.153374,0.18943584,0.76766074,,,,81.5223462261901,Technology,Information Technology Services,United States,120000,2021-Q2
DXC,DXC TECHNOLOGY CO,2021-05-01 00:00:00-04:00,2021,2,5,37.91999816894531,33.209999084472656,38.939998626708984,32.540000915527344,51677500,178998669,6787629200.723648,6.787629200723648,,,,,,,,6.604878,4.153374,0.18943584,0.76766074,,,,166.8543143360202,Technology,Information Technology Services,United States,120000,2021-Q2
DXC,DXC TECHNOLOGY CO,2021-06-01 00:00:00-04:00,2021,2,6,38.939998626708984,37.86000061035156,41.75,36.150001525878906,58175300,178998669,6970207925.042736,6.970207925042736,,,,,,,,6.604878,4.153374,0.18943584,0.76766074,,,,135.99999167702416,Technology,Information Technology Services,United States,120000,2021-Q2
DXC,DXC TECHNOLOGY CO,2021-07-01 00:00:00-04:00,2021,3,7,39.97999954223633,39.220001220703125,40.970001220703125,36.75,36107900,178998669,7156366704.680912,7.156366704680912,,,,,,,,6.604878,4.153374,0.18943584,0.76766074,,,,123.22724669376926,Technology,Information Technology Services,United States,120000,2021-Q3
DXC,DXC TECHNOLOGY CO,2021-08-01 00:00:00-04:00,2021,3,8,36.720001220703125,40.0,44.18000030517578,33.779998779296875,49461200,178998669,6572831344.184235,6.572831344184235,,,,,,,,6.604878,4.153374,0.18943584,0.76766074,,,,83.78379410409696,Technology,Information Technology Services,United States,120000,2021-Q3
DXC,DXC TECHNOLOGY CO,2021-09-01 00:00:00-04:00,2021,3,9,33.61000061035156,36.880001068115234,36.9900016784668,33.27000045776367,41659300,178998669,6016145374.342117,6.016145374342117,,,,,,,,6.604878,4.153374,0.18943584,0.76766074,,,,88.29131592200108,Technology,Information Technology Services,United States,120000,2021-Q3
DXC,DXC TECHNOLOGY CO,2021-10-01 00:00:00-04:00,2021,4,10,32.56999969482422,34.0,35.59000015258789,32.11000061035156,29458800,178998669,5829986594.703941,5.829986594703941,,,,,,,,6.604878,4.153374,0.18943584,0.76766074,,,,76.81867296374743,Technology,Information Technology Services,United States,120000,2021-Q4
DXC,DXC TECHNOLOGY CO,2021-11-01 00:00:00-04:00,2021,4,11,29.989999771118164,32.83000183105469,34.90999984741211,29.389999389648438,37232200,178998669,5368170042.340456,5.368170042340456,,,,,,,,6.604878,4.153374,0.18943584,0.76766074,,,,36.87813774521966,Technology,Information Technology Services,United States,120000,2021-Q4
DXC,DXC TECHNOLOGY CO,2021-12-01 00:00:00-05:00,2021,4,12,32.189998626708984,30.610000610351562,33.220001220703125,29.139999389648438,44042300,178998669,5761966909.292736,5.761966909292736,,,,,,,,6.604878,4.153374,0.18943584,0.76766074,,,,25.00970340469508,Technology,Information Technology Services,United States,120000,2021-Q4
DXC,DXC TECHNOLOGY CO,2022-01-01 00:00:00-05:00,2022,1,1,30.079999923706055,32.400001525878906,34.63999938964844,28.56999969482422,31162100,178998669,5384279949.863485,5.384279949863485,,,,,,,,6.604878,4.153374,0.18943584,0.76766074,,,,6.666663510297854,Technology,Information Technology Services,United States,120000,2022-Q1
DXC,DXC TECHNOLOGY CO,2022-02-01 00:00:00-05:00,2022,1,2,34.029998779296875,30.010000228881836,39.650001525878906,29.75,43550700,178998669,6091324487.565765,6.091324487565766,,,,,,,,6.604878,4.153374,0.18943584,0.76766074,,,,34.932592013503005,Technology,Information Technology Services,United States,120000,2022-Q1
DXC,DXC TECHNOLOGY CO,2022-03-01 00:00:00-05:00,2022,1,3,32.630001068115234,33.790000915527344,34.130001068115234,28.90999984741211,60570000,178998669,5840726760.661205,5.840726760661205,,,,,,,,6.604878,4.153374,0.18943584,0.76766074,,,,4.382600221376909,Technology,Information Technology Services,United States,120000,2022-Q1
DXC,DXC TECHNOLOGY CO,2022-04-01 00:00:00-04:00,2022,2,4,28.700000762939453,32.619998931884766,32.810001373291016,28.540000915527344,33634100,178998669,5137261936.865147,5.137261936865147,,,,,,,,6.604878,4.153374,0.18943584,0.76766074,,,,-12.792461573966584,Technology,Information Technology Services,United States,120000,2022-Q2
DXC,DXC TECHNOLOGY CO,2022-05-01 00:00:00-04:00,2022,2,5,35.220001220703125,28.68000030517578,35.959999084472656,27.280000686645508,51310000,178998669,6304333340.684235,6.304333340684234,,,,,,,,6.604878,4.153374,0.18943584,0.76766074,,,,-7.120245460489915,Technology,Information Technology Services,United States,120000,2022-Q2
DXC,DXC TECHNOLOGY CO,2022-06-01 00:00:00-04:00,2022,2,6,30.309999465942383,35.43000030517578,36.0,29.079999923706055,36965300,178998669,5425449561.794397,5.425449561794397,,,,,,,,6.604878,4.153374,0.18943584,0.76766074,,,,-22.16229960225853,Technology,Information Technology Services,United States,120000,2022-Q2
DXC,DXC TECHNOLOGY CO,2022-07-01 00:00:00-04:00,2022,3,7,31.600000381469727,30.170000076293945,31.989999771118164,27.31999969482422,21374400,178998669,5656358008.682573,5.656358008682573,,,,,,,,6.604878,4.153374,0.18943584,0.76766074,,,,-20.96047838098063,Technology,Information Technology Services,United States,120000,2022-Q3
DXC,DXC TECHNOLOGY CO,2022-08-01 00:00:00-04:00,2022,3,8,24.780000686645508,31.229999542236328,31.950000762939453,23.989999771118164,45137800,178998669,4435587140.728632,4.435587140728632,,,,,,,,6.604878,4.153374,0.18943584,0.76766074,,,,-32.51634024272777,Technology,Information Technology Services,United States,120000,2022-Q3
DXC,DXC TECHNOLOGY CO,2022-09-01 00:00:00-04:00,2022,3,9,24.479999542236328,24.510000228881836,29.5,22.649999618530273,98060700,178998669,4381887335.180912,4.381887335180912,,,,,,,,6.604878,4.153374,0.18943584,0.76766074,,,,-27.164537049437843,Technology,Information Technology Services,United States,120000,2022-Q3
DXC,DXC TECHNOLOGY CO,2022-10-01 00:00:00-04:00,2022,4,10,28.75,24.969999313354492,29.979999542236328,24.579999923706055,57809800,178998669,5146211733.75,5.14621173375,,,,,,,,6.604878,4.153374,0.18943584,0.76766074,,,,-11.728583759953992,Technology,Information Technology Services,United States,120000,2022-Q4
DXC,DXC TECHNOLOGY CO,2022-11-01 00:00:00-04:00,2022,4,11,29.670000076293945,29.209999084472656,29.899999618530273,25.559999465942383,41545700,178998669,5310890522.886515,5.310890522886515,,,,,,,,6.604878,4.153374,0.18943584,0.76766074,,,,-1.0670213313318966,Technology,Information Technology Services,United States,120000,2022-Q4
DXC,DXC TECHNOLOGY CO,2022-12-01 00:00:00-05:00,2022,4,12,26.5,29.799999237060547,30.25,25.75,33327000,178998669,4743464728.5,4.7434647285,,,,,,,,6.604878,4.153374,0.18943584,0.76766074,,,,-17.676293474544693,Technology,Information Technology Services,United States,120000,2022-Q4
DXC,DXC TECHNOLOGY CO,2023-01-01 00:00:00-05:00,2023,1,1,28.729999542236328,26.719999313354492,29.729999542236328,26.649999618530273,26952700,178998669,5142631678.430912,5.142631678430912,,,,,,,,6.604878,4.153374,0.18943584,0.76766074,,,,-4.48803319446085,Technology,Information Technology Services,United States,120000,2023-Q1
DXC,DXC TECHNOLOGY CO,2023-02-01 00:00:00-05:00,2023,1,2,27.739999771118164,28.729999542236328,30.270000457763672,27.270000457763672,32985300,178998669,4965423037.090456,4.965423037090456,,,,,,,,6.604878,4.153374,0.18943584,0.76766074,,,,-18.483688609490667,Technology,Information Technology Services,United States,120000,2023-Q1
DXC,DXC TECHNOLOGY CO,2023-03-01 00:00:00-05:00,2023,1,3,25.559999465942383,27.700000762939453,29.09000015258789,22.459999084472656,43561900,178998669,4575205884.044397,4.575205884044397,,,,,,,,6.604878,4.153374,0.18943584,0.76766074,,,,-21.667181644935283,Technology,Information Technology Services,United States,120000,2023-Q1
DXC,DXC TECHNOLOGY CO,2023-04-01 00:00:00-04:00,2023,2,4,23.850000381469727,25.6299991607666,25.860000610351562,22.739999771118164,26921900,178998669,4269118323.9325733,4.269118323932573,,,,,,,,6.604878,4.153374,0.18943584,0.76766074,,,,-16.898955583766295,Technology,Information Technology Services,United States,120000,2023-Q2
DXC,DXC TECHNOLOGY CO,2023-05-01 00:00:00-04:00,2023,2,5,25.030000686645508,23.850000381469727,25.540000915527344,22.110000610351562,46795200,178998669,4480336807.978632,4.480336807978632,,,,,,,,6.604878,4.153374,0.18943584,0.76766074,,,,-28.932425272227704,Technology,Information Technology Services,United States,120000,2023-Q2
DXC,DXC TECHNOLOGY CO,2023-06-01 00:00:00-04:00,2023,2,6,26.719999313354492,24.979999542236328,27.93000030517578,24.579999923706055,42104700,178998669,4782844312.771368,4.782844312771368,,,,,,,,6.604878,4.153374,0.18943584,0.76766074,,,,-11.844276528680808,Technology,Information Technology Services,United States,120000,2023-Q2
DXC,DXC TECHNOLOGY CO,2023-07-01 00:00:00-04:00,2023,3,7,27.649999618530273,26.600000381469727,28.889999389648438,25.8700008392334,29372300,178998669,4949313129.567427,4.949313129567427,,,,,,,,6.604878,4.153374,0.18943584,0.76766074,,,,-12.500002263467492,Technology,Information Technology Services,United States,120000,2023-Q3
DXC,DXC TECHNOLOGY CO,2023-08-01 00:00:00-04:00,2023,3,8,20.739999771118164,27.40999984741211,27.670000076293945,18.610000610351562,71647600,178998669,3712432354.090456,3.712432354090456,,,,,,,,6.604878,4.153374,0.18943584,0.76766074,,,,-16.303473783616916,Technology,Information Technology Services,United States,120000,2023-Q3
DXC,DXC TECHNOLOGY CO,2023-09-01 00:00:00-04:00,2023,3,9,20.829999923706055,20.940000534057617,21.389999389648438,19.809999465942383,55239500,178998669,3728542261.6134853,3.728542261613485,,,,,,,,6.604878,4.153374,0.18943584,0.76766074,,,,-14.910129439474796,Technology,Information Technology Services,United States,120000,2023-Q3
DXC,DXC TECHNOLOGY CO,2023-10-01 00:00:00-04:00,2023,4,10,20.170000076293945,20.770000457763672,22.639999389648438,19.299999237060547,103063700,178998669,3610403167.3865147,3.6104031673865147,,,,,,,,6.604878,4.153374,0.18943584,0.76766074,,,,-29.843477995499324,Technology,Information Technology Services,United States,120000,2023-Q4
DXC,DXC TECHNOLOGY CO,2023-11-01 00:00:00-04:00,2023,4,11,23.1299991607666,20.200000762939453,23.5,20.049999237060547,58179900,178998669,4140239063.7483387,4.140239063748338,,,,,,,,6.604878,4.153374,0.18943584,0.76766074,,,,-22.042470167543893,Technology,Information Technology Services,United States,120000,2023-Q4
DXC,DXC TECHNOLOGY CO,2023-12-01 00:00:00-05:00,2023,4,12,22.8700008392334,23.020000457763672,25.139999389648438,21.959999084472656,61731800,178998669,4093699710.2516613,4.093699710251661,,,,,,,,6.604878,4.153374,0.18943584,0.76766074,,,,-13.698110040628686,Technology,Information Technology Services,United States,120000,2023-Q4
DXC,DXC TECHNOLOGY CO,2024-01-01 00:00:00-05:00,2024,1,1,21.799999237060547,22.700000762939453,24.479999542236328,21.760000228881836,44689500,178998669,3902170847.6348534,3.9021708476348533,,,,,,,,6.604878,4.153374,0.18943584,0.76766074,,,,-24.12112918758631,Technology,Information Technology Services,United States,120000,2024-Q1
DXC,DXC TECHNOLOGY CO,2024-02-01 00:00:00-05:00,2024,1,2,21.860000610351562,21.90999984741211,22.700000762939453,20.209999084472656,68976300,178998669,3912911013.5921173,3.9129110135921175,,,,,,,,6.604878,4.153374,0.18943584,0.76766074,,,,-21.196824835192086,Technology,Information Technology Services,United States,120000,2024-Q1
DXC,DXC TECHNOLOGY CO,2024-03-01 00:00:00-05:00,2024,1,3,21.209999084472656,21.8799991607666,21.90999984741211,20.010000228881836,52371500,178998669,3796561605.611824,3.796561605611824,,,,,,,,6.604878,4.153374,0.18943584,0.76766074,,,,-17.01878119076613,Technology,Information Technology Services,United States,120000,2024-Q1
DXC,DXC TECHNOLOGY CO,2024-04-01 00:00:00-04:00,2024,2,4,19.489999771118164,21.190000534057617,22.149999618530273,19.479999542236328,33746900,178998669,3488684017.840456,3.488684017840456,3236000000.0,3236.0,710000000.0,26000000.0,83000000.0,473000000.0,0.26952132399879913,6.604878,4.153374,0.18943584,0.76766074,,,,-18.280924698596934,Technology,Information Technology Services,United States,120000,2024-Q2
DXC,DXC TECHNOLOGY CO,2024-05-01 00:00:00-04:00,2024,2,5,15.550000190734863,19.5,20.200000762939453,14.789999961853027,66511200,178998669,2783429337.0912867,2.783429337091287,3236000000.0,3236.0,710000000.0,26000000.0,83000000.0,473000000.0,0.2150362590459894,6.604878,4.153374,0.18943584,0.76766074,,0.0,,-37.87455148160902,Technology,Information Technology Services,United States,120000,2024-Q2
DXC,DXC TECHNOLOGY CO,2024-06-01 00:00:00-04:00,2024,2,6,19.09000015258789,15.739999771118164,19.68000030517578,15.270000457763672,77591600,178998669,3417084618.5230293,3.4170846185230292,3236000000.0,3236.0,710000000.0,26000000.0,83000000.0,473000000.0,0.26398985000950476,6.604878,4.153374,0.18943584,0.76766074,,0.0,,-28.555386814524265,Technology,Information Technology Services,United States,120000,2024-Q2
DXC,DXC TECHNOLOGY CO,2024-07-01 00:00:00-04:00,2024,3,7,20.34000015258789,19.09000015258789,20.75,17.940000534057617,26857400,178998669,3640832954.7730293,3.640832954773029,3241000000.0,3241.0,814000000.0,42000000.0,132000000.0,497000000.0,0.28084178916792885,6.604878,4.153374,0.18943584,0.76766074,,0.15451174289244918,,-26.437611453142374,Technology,Information Technology Services,United States,120000,2024-Q3
DXC,DXC TECHNOLOGY CO,2024-08-01 00:00:00-04:00,2024,3,8,20.670000076293945,20.309999465942383,21.139999389648438,17.84000015258789,29470800,178998669,3699902501.8865147,3.699902501886515,3241000000.0,3241.0,814000000.0,42000000.0,132000000.0,497000000.0,0.2853982182880681,6.604878,4.153374,0.18943584,0.76766074,,0.0,0.15451174289244918,-0.3375105862908345,Technology,Information Technology Services,United States,120000,2024-Q3
DXC,DXC TECHNOLOGY CO,2024-09-01 00:00:00-04:00,2024,3,9,20.75,20.420000076293945,21.700000762939453,19.68000030517578,29594400,178998669,3714222381.75,3.71422238175,3241000000.0,3241.0,814000000.0,42000000.0,132000000.0,497000000.0,0.2865028063676334,6.604878,4.153374,0.18943584,0.76766074,,0.0,0.15451174289244918,-0.38406108496913394,Technology,Information Technology Services,United States,120000,2024-Q3
DXC,DXC TECHNOLOGY CO,2024-10-01 00:00:00-04:00,2024,4,10,19.860000610351562,20.649999618530273,21.350000381469727,19.65999984741211,22837900,178998669,3554913675.5921173,3.5549136755921174,3225000000.0,3225.0,809000000.0,57000000.0,154000000.0,524000000.0,0.27557470353427266,6.604878,4.153374,0.18943584,0.76766074,,-0.49367479173094697,-0.3399258343634082,-1.5369333900336901,Technology,Information Technology Services,United States,120000,2024-Q4
DXC,DXC TECHNOLOGY CO,2024-11-01 00:00:00-04:00,2024,4,11,22.5,19.950000762939453,24.829999923706055,19.149999618530273,29641500,178998669,4027470052.5,4.0274700525,3225000000.0,3225.0,809000000.0,57000000.0,154000000.0,524000000.0,0.3122069808139535,6.604878,4.153374,0.18943584,0.76766074,,0.0,-0.49367479173094697,-2.7237318790534815,Technology,Information Technology Services,United States,120000,2024-Q4
DXC,DXC TECHNOLOGY CO,2024-12-01 00:00:00-05:00,2024,4,12,19.979999542236328,22.399999618530273,22.899999618530273,19.59000015258789,20576100,178998669,3576393324.680912,3.576393324680912,3225000000.0,3225.0,809000000.0,57000000.0,154000000.0,524000000.0,0.2772397926109234,6.604878,4.153374,0.18943584,0.76766074,,0.0,-0.49367479173094697,-12.636647096397501,Technology,Information Technology Services,United States,120000,2024-Q4
DXC,DXC TECHNOLOGY CO,2025-01-01 00:00:00-05:00,2025,1,1,21.719999313354492,20.219999313354492,21.940000534057617,19.139999389648438,17027500,178998669,3887850967.771368,3.887850967771368,3169000000.0,3169.0,768000000.0,264000000.0,329000000.0,714000000.0,0.30670960616687976,6.604878,4.153374,0.18943584,0.76766074,,-1.7364341085271295,-2.2215365627892614,-0.36697213993499567,Technology,Information Technology Services,United States,120000,2025-Q1
DXC,DXC TECHNOLOGY CO,2025-02-01 00:00:00-05:00,2025,1,2,18.3700008392334,21.270000457763672,23.75,18.040000915527344,25010500,178998669,3288205699.7516613,3.288205699751661,3169000000.0,3169.0,768000000.0,264000000.0,329000000.0,714000000.0,0.2594040469983955,6.604878,4.153374,0.18943584,0.76766074,,0.0,-1.7364341085271295,-15.96523181003715,Technology,Information Technology Services,United States,120000,2025-Q1
DXC,DXC TECHNOLOGY CO,2025-03-01 00:00:00-05:00,2025,1,3,17.049999237060547,18.420000076293945,18.899999618530273,16.190000534057617,59370600,178998669,3051927169.8848534,3.0519271698848534,3169000000.0,3169.0,768000000.0,264000000.0,329000000.0,714000000.0,0.24076421346519827,6.604878,4.153374,0.18943584,0.76766074,,0.0,-1.7364341085271295,-19.613390037614607,Technology,Information Technology Services,United States,120000,2025-Q1
DXC,DXC TECHNOLOGY CO,2025-04-01 00:00:00-04:00,2025,2,4,15.520000457763672,16.90999984741211,17.68000030517578,13.4399995803833,33671200,178998669,2778059424.819088,2.778059424819088,3159000000.0,3159.0,771000000.0,16000000.0,73000000.0,430000000.0,0.21985275600024437,6.604878,4.153374,0.18943584,0.76766074,,-0.315556958030927,-2.0465116279069773,-20.369416931638728,Technology,Information Technology Services,United States,120000,2025-Q2
DXC,DXC TECHNOLOGY CO,2025-05-01 00:00:00-04:00,2025,2,5,15.199999809265137,15.720000267028809,17.260000228881836,13.880000114440918,38534300,178998669,2720779734.6587133,2.7207797346587133,3159000000.0,3159.0,771000000.0,16000000.0,73000000.0,430000000.0,0.21531970043199694,6.604878,4.153374,0.18943584,0.76766074,,0.0,-0.315556958030927,-2.250806284094242,Technology,Information Technology Services,United States,120000,2025-Q2
DXC,DXC TECHNOLOGY CO,2025-06-01 00:00:00-04:00,2025,2,6,15.289999961853027,15.149999618530273,16.040000915527344,14.130000114440918,36057300,178998669,2736889642.1817427,2.7368896421817426,3159000000.0,3159.0,771000000.0,16000000.0,73000000.0,430000000.0,0.21659462188839368,6.604878,4.153374,0.18943584,0.76766074,,0.0,-0.315556958030927,-19.905710635731587,Technology,Information Technology Services,United States,120000,2025-Q2
DXC,DXC TECHNOLOGY CO,2025-07-01 00:00:00-04:00,2025,3,7,13.609999656677246,15.140000343322754,16.450000762939453,13.479999542236328,40118500,178998669,2436171823.635684,2.436171823635684,,,,,,,,6.604878,4.153374,0.18943584,0.76766074,,0.0,-0.315556958030927,-33.087514480939554,Technology,Information Technology Services,United States,120000,2025-Q3
DXC,DXC TECHNOLOGY CO,2025-08-01 00:00:00-04:00,2025,3,8,14.449999809265137,13.529999732971191,14.619999885559082,12.239999771118164,38375700,178998669,2586530732.9087133,2.5865307329087135,,,,,,,,6.604878,4.153374,0.18943584,0.76766074,,0.0,0.0,-30.09192183875421,Technology,Information Technology Services,United States,120000,2025-Q3
DXC,DXC TECHNOLOGY CO,2025-09-01 00:00:00-04:00,2025,3,9,13.630000114440918,14.170000076293945,15.039999961853027,13.09000015258789,40277200,178998669,2439751878.954772,2.439751878954772,,,,,,,,6.604878,4.153374,0.18943584,0.76766074,,0.0,0.0,-34.3132524605257,Technology,Information Technology Services,United States,120000,2025-Q3
DXC,DXC TECHNOLOGY CO,2025-10-01 00:00:00-04:00,2025,4,10,13.539999961853027,13.550000190734863,14.010000228881836,12.630000114440918,30016762,178998669,2423641971.4317427,2.4236419714317425,,,,,,,,6.604878,4.153374,0.18943584,0.76766074,,0.0,0.0,-31.82276160255696,Technology,Information Technology Services,United States,120000,2025-Q4
