ticker,company_name,date,year,quarter,month,close_price,open_price,high_price,low_price,volume,shares_outstanding,market_cap,market_cap_billions,revenue,revenue_millions,gross_profit,net_income,operating_income,ebitda,ps_ratio,current_pe,forward_pe,current_ps,current_pb,peg_ratio,revenue_qoq_pct,revenue_yoy_pct,market_cap_yoy_pct,sector,industry,country,employees,year_quarter
EBAY,EBAY INC,2015-01-01 00:00:00-05:00,2015,1,1,19.921897888183594,21.19238950987156,21.530686004811436,19.831686170916075,487074296,457000000,9104307334.899902,9.104307334899902,,,,,,,,20.462223,17.639849,4.019156,8.900059,,,,,Consumer Cyclical,Internet Retail,United States,11500,2015-Q1
EBAY,EBAY INC,2015-02-01 00:00:00-05:00,2015,1,2,21.76749610900879,19.963247952231104,22.12458518657975,19.748993824305348,327632341,457000000,9947745721.817017,9.947745721817016,,,,,,,,20.462223,17.639849,4.019156,8.900059,,,,,Consumer Cyclical,Internet Retail,United States,11500,2015-Q1
EBAY,EBAY INC,2015-03-01 00:00:00-05:00,2015,1,3,21.68104362487793,21.632178226753197,22.902668357247887,21.30891809965508,499596768,457000000,9908236936.569214,9.908236936569214,,,,,,,,20.462223,17.639849,4.019156,8.900059,,,,,Consumer Cyclical,Internet Retail,United States,11500,2015-Q1
EBAY,EBAY INC,2015-04-01 00:00:00-04:00,2015,2,4,21.8990478515625,21.54947455850014,22.605710091438873,20.824016370415315,357450428,457000000,10007864868.164062,10.007864868164063,,,,,,,,20.462223,17.639849,4.019156,8.900059,,,,,Consumer Cyclical,Internet Retail,United States,11500,2015-Q2
EBAY,EBAY INC,2015-05-01 00:00:00-04:00,2015,2,5,23.064302444458008,21.899058693017114,23.169548904402255,21.39913119444923,287106571,457000000,10540386217.11731,10.540386217117309,,,,,,,,20.462223,17.639849,4.019156,8.900059,,,,,Consumer Cyclical,Internet Retail,United States,11500,2015-Q2
EBAY,EBAY INC,2015-06-01 00:00:00-04:00,2015,2,6,22.643310546875,23.135720700953172,23.793519614858546,22.218561753805545,426405989,457000000,10347992919.921875,10.347992919921875,,,,,,,,20.462223,17.639849,4.019156,8.900059,,,,,Consumer Cyclical,Internet Retail,United States,11500,2015-Q2
EBAY,EBAY INC,2015-07-01 00:00:00-04:00,2015,3,7,25.114042282104492,22.925218276484966,26.212557914706956,22.485433174433645,709813047,457000000,11477117322.921753,11.477117322921753,,,,,,,,20.462223,17.639849,4.019156,8.900059,,,,,Consumer Cyclical,Internet Retail,United States,11500,2015-Q3
EBAY,EBAY INC,2015-08-01 00:00:00-04:00,2015,3,8,24.212017059326172,25.08725738026138,25.846395088606563,20.74677729774759,271796700,457000000,11064891796.11206,11.064891796112061,,,,,,,,20.462223,17.639849,4.019156,8.900059,,,,,Consumer Cyclical,Internet Retail,United States,11500,2015-Q3
EBAY,EBAY INC,2015-09-01 00:00:00-04:00,2015,3,9,21.82742691040039,23.702942615666753,24.649630846531515,21.220116900746717,258615400,457000000,9975134098.052979,9.975134098052978,,,,,,,,20.462223,17.639849,4.019156,8.900059,,,,,Consumer Cyclical,Internet Retail,United States,11500,2015-Q3
EBAY,EBAY INC,2015-10-01 00:00:00-04:00,2015,4,10,24.917564392089844,21.881015625560796,25.515943254886366,21.095086017919392,350482700,457000000,11387326927.185059,11.38732692718506,,,,,,,,20.462223,17.639849,4.019156,8.900059,,,,,Consumer Cyclical,Internet Retail,United States,11500,2015-Q4
EBAY,EBAY INC,2015-11-01 00:00:00-04:00,2015,4,11,26.42690658569336,24.765735172188165,26.51621718812683,24.75680394159901,229236700,457000000,12077096309.661865,12.077096309661865,,,,,,,,20.462223,17.639849,4.019156,8.900059,,,,,Consumer Cyclical,Internet Retail,United States,11500,2015-Q4
EBAY,EBAY INC,2015-12-01 00:00:00-05:00,2015,4,12,24.54245948791504,26.56980283581379,26.64125097698186,24.345977525567367,198408300,457000000,11215903985.977173,11.215903985977173,,,,,,,,20.462223,17.639849,4.019156,8.900059,,,,,Consumer Cyclical,Internet Retail,United States,11500,2015-Q4
EBAY,EBAY INC,2016-01-01 00:00:00-05:00,2016,1,1,20.952184677124023,24.212010296325168,24.337044106259974,20.005496465922125,316209200,457000000,9575148397.445679,9.575148397445679,,,,,,,,20.462223,17.639849,4.019156,8.900059,,,,5.171629704775915,Consumer Cyclical,Internet Retail,United States,11500,2016-Q1
EBAY,EBAY INC,2016-02-01 00:00:00-05:00,2016,1,2,21.25584602355957,20.845019551964405,21.916743596622204,19.21957272355153,263160000,457000000,9713921632.766724,9.713921632766723,,,,,,,,20.462223,17.639849,4.019156,8.900059,,,,-2.3505233807643355,Consumer Cyclical,Internet Retail,United States,11500,2016-Q1
EBAY,EBAY INC,2016-03-01 00:00:00-05:00,2016,1,3,21.309431076049805,21.42553367812176,21.9881893359349,20.43418913094694,265327200,457000000,9738410001.75476,9.73841000175476,,,,,,,,20.462223,17.639849,4.019156,8.900059,,,,-1.7139975144080166,Consumer Cyclical,Internet Retail,United States,11500,2016-Q1
EBAY,EBAY INC,2016-04-01 00:00:00-04:00,2016,2,4,21.818496704101562,21.76491102528213,23.408218235589455,20.89860041650159,289442700,457000000,9971052993.774414,9.971052993774414,,,,,,,,20.462223,17.639849,4.019156,8.900059,,,,-0.36782945088268404,Consumer Cyclical,Internet Retail,United States,11500,2016-Q2
EBAY,EBAY INC,2016-05-01 00:00:00-04:00,2016,2,5,21.84528923034668,21.5952215873856,21.9881872164848,20.70211896890618,169662200,457000000,9983297178.268433,9.983297178268433,,,,,,,,20.462223,17.639849,4.019156,8.900059,,,,-5.28528108338363,Consumer Cyclical,Internet Retail,United States,11500,2016-Q2
EBAY,EBAY INC,2016-06-01 00:00:00-04:00,2016,2,6,20.90753173828125,21.818496799484052,22.28291056050407,19.916187306768904,221452100,457000000,9554742004.394531,9.554742004394532,,,,,,,,20.462223,17.639849,4.019156,8.900059,,,,-7.665746600968227,Consumer Cyclical,Internet Retail,United States,11500,2016-Q2
EBAY,EBAY INC,2016-07-01 00:00:00-04:00,2016,3,7,27.82908058166504,20.92539697413785,28.39173624844836,20.809292666756672,293893900,457000000,12717889825.820923,12.717889825820922,,,,,,,,20.462223,17.639849,4.019156,8.900059,,,,10.810837495066261,Consumer Cyclical,Internet Retail,United States,11500,2016-Q3
EBAY,EBAY INC,2016-08-01 00:00:00-04:00,2016,3,8,28.72218132019043,27.954112489867356,28.78469823364312,27.114597218562466,192471900,457000000,13126036863.327026,13.126036863327027,,,,,,,,20.462223,17.639849,4.019156,8.900059,,,,18.62779234713532,Consumer Cyclical,Internet Retail,United States,11500,2016-Q3
EBAY,EBAY INC,2016-09-01 00:00:00-04:00,2016,3,9,29.383081436157227,28.713254382812455,29.64207864086061,27.891598092446255,176806800,457000000,13428068216.323853,13.428068216323853,,,,,,,,20.462223,17.639849,4.019156,8.900059,,,,34.61541553556502,Consumer Cyclical,Internet Retail,United States,11500,2016-Q3
EBAY,EBAY INC,2016-10-01 00:00:00-04:00,2016,4,10,25.462356567382812,27.954112056634763,29.499179220864598,25.399839654899008,285318000,457000000,11636296951.293945,11.636296951293945,,,,,,,,20.462223,17.639849,4.019156,8.900059,,,,2.186378117541521,Consumer Cyclical,Internet Retail,United States,11500,2016-Q4
EBAY,EBAY INC,2016-11-01 00:00:00-04:00,2016,4,11,24.837186813354492,25.462359415026413,26.29294523882031,24.408497905415157,192925000,457000000,11350594373.703003,11.350594373703004,,,,,,,,20.462223,17.639849,4.019156,8.900059,,,,-6.015534838267788,Consumer Cyclical,Internet Retail,United States,11500,2016-Q4
EBAY,EBAY INC,2016-12-01 00:00:00-05:00,2016,4,12,26.516225814819336,24.935433258869157,27.257501160302287,24.363847942870333,218179300,457000000,12117915197.372437,12.117915197372437,,,,,,,,20.462223,17.639849,4.019156,8.900059,,,,8.042251543192735,Consumer Cyclical,Internet Retail,United States,11500,2016-Q4
EBAY,EBAY INC,2017-01-01 00:00:00-05:00,2017,1,1,28.427457809448242,26.641252476266555,29.33842123474271,26.355459895510787,244026700,457000000,12991348218.917847,12.991348218917846,,,,,,,,20.462223,17.639849,4.019156,8.900059,,,,35.67777416779767,Consumer Cyclical,Internet Retail,United States,11500,2017-Q1
EBAY,EBAY INC,2017-02-01 00:00:00-05:00,2017,1,2,30.27617645263672,28.489969729127516,30.64234834547062,28.400659137433376,163121800,457000000,13836212638.85498,13.836212638854981,,,,,,,,20.462223,17.639849,4.019156,8.900059,,,,42.43693908527182,Consumer Cyclical,Internet Retail,United States,11500,2017-Q1
EBAY,EBAY INC,2017-03-01 00:00:00-05:00,2017,1,3,29.98146629333496,30.46374271259121,30.749535389131776,29.07943379680082,163337400,457000000,13701530096.054077,13.701530096054077,,,,,,,,20.462223,17.639849,4.019156,8.900059,,,,40.69576135719488,Consumer Cyclical,Internet Retail,United States,11500,2017-Q1
EBAY,EBAY INC,2017-04-01 00:00:00-04:00,2017,2,4,29.838565826416016,29.802840895062207,31.02639424205287,28.481049097224023,207712000,457000000,13636224582.67212,13.636224582672119,,,,,,,,20.462223,17.639849,4.019156,8.900059,,,,36.758119640785324,Consumer Cyclical,Internet Retail,United States,11500,2017-Q2
EBAY,EBAY INC,2017-05-01 00:00:00-04:00,2017,2,5,30.6334171295166,29.88321084276895,31.526519689601145,29.463454956232024,173454600,457000000,13999471628.189087,13.999471628189086,,,,,,,,20.462223,17.639849,4.019156,8.900059,,,,40.228938177489425,Consumer Cyclical,Internet Retail,United States,11500,2017-Q2
EBAY,EBAY INC,2017-06-01 00:00:00-04:00,2017,2,6,31.187137603759766,30.758448813427044,32.598241186322845,30.26724312076969,184640700,457000000,14252521884.918213,14.252521884918213,,,,,,,,20.462223,17.639849,4.019156,8.900059,,,,49.166998735947274,Consumer Cyclical,Internet Retail,United States,11500,2017-Q2
EBAY,EBAY INC,2017-07-01 00:00:00-04:00,2017,3,7,31.910566329956055,31.392568417576065,33.47349641092095,30.32084425210241,210354100,457000000,14583128812.789917,14.583128812789917,,,,,,,,20.462223,17.639849,4.019156,8.900059,,,,14.666261561584149,Consumer Cyclical,Internet Retail,United States,11500,2017-Q3
EBAY,EBAY INC,2017-08-01 00:00:00-04:00,2017,3,8,32.2678108215332,31.99094767810535,32.723291830999756,30.445879969832156,158918000,457000000,14746389545.440674,14.746389545440675,,,,,,,,20.462223,17.639849,4.019156,8.900059,,,,12.344569034700559,Consumer Cyclical,Internet Retail,United States,11500,2017-Q3
EBAY,EBAY INC,2017-09-01 00:00:00-04:00,2017,3,9,34.34872055053711,32.33031044552056,34.714892430926135,31.946276106708222,149752800,457000000,15697365291.595459,15.697365291595458,,,,,,,,20.462223,17.639849,4.019156,8.900059,,,,16.899654058302538,Consumer Cyclical,Internet Retail,United States,11500,2017-Q3
EBAY,EBAY INC,2017-10-01 00:00:00-04:00,2017,4,10,33.61638259887695,34.39338093652559,35.08107037354011,32.32138309818511,214499000,457000000,15362686847.686768,15.362686847686767,,,,,,,,20.462223,17.639849,4.019156,8.900059,,,,32.02384669272686,Consumer Cyclical,Internet Retail,United States,11500,2017-Q4
EBAY,EBAY INC,2017-11-01 00:00:00-04:00,2017,4,11,30.9638671875,33.803933882221365,34.01828001689984,30.32083559729706,179743700,457000000,14150487304.6875,14.1504873046875,,,,,,,,20.462223,17.639849,4.019156,8.900059,,,,24.66736841086732,Consumer Cyclical,Internet Retail,United States,11500,2017-Q4
EBAY,EBAY INC,2017-12-01 00:00:00-05:00,2017,4,12,33.7056999206543,30.70487407887002,34.527352830853154,30.642357157742573,168580100,457000000,15403504863.739014,15.403504863739014,,,,,,,,20.462223,17.639849,4.019156,8.900059,,,,27.113489514095647,Consumer Cyclical,Internet Retail,United States,11500,2017-Q4
EBAY,EBAY INC,2018-01-01 00:00:00-05:00,2018,1,1,36.24210739135742,34.08972672120942,36.9208639104165,33.38417821270161,211507400,457000000,16562643077.850342,16.562643077850343,,,,,,,,20.462223,17.639849,4.019156,8.900059,,,,27.48979396712665,Consumer Cyclical,Internet Retail,United States,11500,2018-Q1
EBAY,EBAY INC,2018-02-01 00:00:00-05:00,2018,1,2,38.278377532958984,40.636167824248375,41.966892181711856,36.10813796781398,252196500,457000000,17493218532.562256,17.493218532562256,,,,,,,,20.462223,17.639849,4.019156,8.900059,,,,26.43068583260739,Consumer Cyclical,Internet Retail,United States,11500,2018-Q1
EBAY,EBAY INC,2018-03-01 00:00:00-05:00,2018,1,3,35.93846130371094,38.41235327726724,39.56445680735332,35.35794307034186,199402700,457000000,16423876815.795898,16.4238768157959,,,,,,,,20.462223,17.639849,4.019156,8.900059,,,,19.868924862091376,Consumer Cyclical,Internet Retail,United States,11500,2018-Q1
EBAY,EBAY INC,2018-04-01 00:00:00-04:00,2018,2,4,33.83073425292969,35.75983612103065,38.403419531591844,33.62532102240467,227985700,457000000,15460645553.588867,15.460645553588867,,,,,,,,20.462223,17.639849,4.019156,8.900059,,,,13.379223551620623,Consumer Cyclical,Internet Retail,United States,11500,2018-Q2
EBAY,EBAY INC,2018-05-01 00:00:00-04:00,2018,2,5,33.687828063964844,33.71462004928767,34.688101930033795,32.87510490898712,176953500,457000000,15395337425.231934,15.395337425231933,,,,,,,,20.462223,17.639849,4.019156,8.900059,,,,9.970846287028113,Consumer Cyclical,Internet Retail,United States,11500,2018-Q2
EBAY,EBAY INC,2018-06-01 00:00:00-04:00,2018,2,6,32.38389205932617,33.99147913138531,36.49216521126625,31.758723094542443,201723000,457000000,14799438671.11206,14.79943867111206,,,,,,,,20.462223,17.639849,4.019156,8.900059,,,,3.8373334249890645,Consumer Cyclical,Internet Retail,United States,11500,2018-Q2
EBAY,EBAY INC,2018-07-01 00:00:00-04:00,2018,3,7,29.874282836914062,32.071314428898624,34.24155403292994,29.76711147818498,247300500,457000000,13652547256.469727,13.652547256469727,,,,,,,,20.462223,17.639849,4.019156,8.900059,,,,-6.381220163837797,Consumer Cyclical,Internet Retail,United States,11500,2018-Q3
EBAY,EBAY INC,2018-08-01 00:00:00-04:00,2018,3,8,30.910295486450195,29.78498379452282,31.51760580119122,29.338432292914273,179819500,457000000,14126005037.30774,14.126005037307738,,,,,,,,20.462223,17.639849,4.019156,8.900059,,,,-4.207026446854901,Consumer Cyclical,Internet Retail,United States,11500,2018-Q3
EBAY,EBAY INC,2018-09-01 00:00:00-04:00,2018,3,9,29.490249633789062,30.722732233105475,31.178213081267952,29.115144752729194,190865900,457000000,13477044082.641602,13.477044082641601,,,,,,,,20.462223,17.639849,4.019156,8.900059,,,,-14.144546984216777,Consumer Cyclical,Internet Retail,United States,11500,2018-Q3
EBAY,EBAY INC,2018-10-01 00:00:00-04:00,2018,4,10,25.926773071289062,29.56169923527881,30.901353340930413,23.54218869509087,340803700,457000000,11848535293.579102,11.848535293579102,,,,,,,,20.462223,17.639849,4.019156,8.900059,,,,-22.87458950995156,Consumer Cyclical,Internet Retail,United States,11500,2018-Q4
EBAY,EBAY INC,2018-11-01 00:00:00-04:00,2018,4,11,26.659114837646484,25.971425378141312,27.025286793287805,24.604977690178092,280472300,457000000,12183215480.804443,12.183215480804444,,,,,,,,20.462223,17.639849,4.019156,8.900059,,,,-13.902502306273067,Consumer Cyclical,Internet Retail,United States,11500,2018-Q4
EBAY,EBAY INC,2018-12-01 00:00:00-05:00,2018,4,12,25.06939125061035,26.944907166601006,27.114597148001096,23.229600258475774,269751400,457000000,11456711801.52893,11.45671180152893,,,,,,,,20.462223,17.639849,4.019156,8.900059,,,,-25.622694945882895,Consumer Cyclical,Internet Retail,United States,11500,2018-Q4
EBAY,EBAY INC,2019-01-01 00:00:00-05:00,2019,1,1,30.052907943725586,24.694289910824423,31.03531957469018,24.61391052960612,343616600,457000000,13734178930.282593,13.734178930282592,,,,,,,,20.462223,17.639849,4.019156,8.900059,,,,-17.077371855886504,Consumer Cyclical,Internet Retail,United States,11500,2019-Q1
EBAY,EBAY INC,2019-02-01 00:00:00-05:00,2019,1,2,33.17875671386719,30.142207082090433,33.95575487582476,30.035035744179314,210230900,457000000,15162691818.237305,15.162691818237304,,,,,,,,20.462223,17.639849,4.019156,8.900059,,,,-13.322458128484804,Consumer Cyclical,Internet Retail,United States,11500,2019-Q1
EBAY,EBAY INC,2019-03-01 00:00:00-05:00,2019,1,3,33.29386520385742,34.3875258623967,35.086749735413825,31.832663353135313,252316300,457000000,15215296398.162842,15.215296398162842,,,,,,,,20.462223,17.639849,4.019156,8.900059,,,,-7.358679264268996,Consumer Cyclical,Internet Retail,United States,11500,2019-Q1
EBAY,EBAY INC,2019-04-01 00:00:00-04:00,2019,2,4,34.73713684082031,33.53590410102249,34.78195826894183,31.769911791857393,211327400,457000000,15874871536.254883,15.874871536254883,,,,,,,,20.462223,17.639849,4.019156,8.900059,,,,2.6792282458727,Consumer Cyclical,Internet Retail,United States,11500,2019-Q2
EBAY,EBAY INC,2019-05-01 00:00:00-04:00,2019,2,5,32.20916748046875,34.76402630018391,34.907456910770456,31.904377005515407,176656800,457000000,14719589538.574219,14.719589538574219,,,,,,,,20.462223,17.639849,4.019156,8.900059,,,,-4.389302215294155,Consumer Cyclical,Internet Retail,United States,11500,2019-Q2
EBAY,EBAY INC,2019-06-01 00:00:00-04:00,2019,2,6,35.54732894897461,32.26257439442583,36.492257259758496,31.90260350282556,194738300,457000000,16245129329.681396,16.245129329681397,,,,,,,,20.462223,17.639849,4.019156,8.900059,,,,9.76855062341837,Consumer Cyclical,Internet Retail,United States,11500,2019-Q2
EBAY,EBAY INC,2019-07-01 00:00:00-04:00,2019,3,7,37.068206787109375,35.97029181664764,37.79715311884158,35.0343614869352,176576500,457000000,16940170501.708984,16.940170501708984,,,,,,,,20.462223,17.639849,4.019156,8.900059,,,,24.08065823527039,Consumer Cyclical,Internet Retail,United States,11500,2019-Q3
EBAY,EBAY INC,2019-08-01 00:00:00-04:00,2019,3,8,36.258277893066406,37.221205304306075,37.788163688063456,34.68339616382791,147930100,457000000,16570032997.131348,16.57003299713135,,,,,,,,20.462223,17.639849,4.019156,8.900059,,,,17.30162174916945,Consumer Cyclical,Internet Retail,United States,11500,2019-Q3
EBAY,EBAY INC,2019-09-01 00:00:00-04:00,2019,3,9,35.20094680786133,36.167211630443575,37.3953622129435,34.406260528914075,138279000,457000000,16086832691.192627,16.086832691192626,,,,,,,,20.462223,17.639849,4.019156,8.900059,,,,19.36469594183807,Consumer Cyclical,Internet Retail,United States,11500,2019-Q3
EBAY,EBAY INC,2019-10-01 00:00:00-04:00,2019,4,10,31.83257293701172,35.20998786507811,35.64345227466592,31.724207695831993,161549600,457000000,14547485832.214355,14.547485832214356,,,,,,,,20.462223,17.639849,4.019156,8.900059,,,,22.778769457671743,Consumer Cyclical,Internet Retail,United States,11500,2019-Q4
EBAY,EBAY INC,2019-11-01 00:00:00-04:00,2019,4,11,32.07639694213867,32.0583354946729,32.98847764751242,31.17334523806338,148552500,457000000,14658913402.557373,14.658913402557372,,,,,,,,20.462223,17.639849,4.019156,8.900059,,,,20.32056254486818,Consumer Cyclical,Internet Retail,United States,11500,2019-Q4
EBAY,EBAY INC,2019-12-01 00:00:00-05:00,2019,4,12,32.73704147338867,32.13869082226831,33.10874409820019,31.24116311640056,163581500,457000000,14960827953.338623,14.960827953338622,,,,,,,,20.462223,17.639849,4.019156,8.900059,,,,30.585705676405837,Consumer Cyclical,Internet Retail,United States,11500,2019-Q4
EBAY,EBAY INC,2020-01-01 00:00:00-05:00,2020,1,1,30.425233840942383,33.00902008865313,33.090613520600556,30.398033724710174,199703900,457000000,13904331865.310669,13.904331865310668,,,,,,,,20.462223,17.639849,4.019156,8.900059,,,,1.2389013998711285,Consumer Cyclical,Internet Retail,United States,11500,2020-Q1
EBAY,EBAY INC,2020-02-01 00:00:00-05:00,2020,1,2,31.404346466064453,30.597480135822607,35.583736157956665,30.561215625651865,308100100,457000000,14351786334.991455,14.351786334991456,,,,,,,,20.462223,17.639849,4.019156,8.900059,,,,-5.348031160736988,Consumer Cyclical,Internet Retail,United States,11500,2020-Q1
EBAY,EBAY INC,2020-03-01 00:00:00-05:00,2020,1,3,27.37716293334961,31.530185241168805,35.10032944981482,23.697731361077228,368561100,457000000,12511363460.540771,12.511363460540771,,,,,,,,20.462223,17.639849,4.019156,8.900059,,,,-17.771148631377,Consumer Cyclical,Internet Retail,United States,11500,2020-Q1
EBAY,EBAY INC,2020-04-01 00:00:00-04:00,2020,2,4,36.275211334228516,26.721432517022805,36.75790821703125,25.77425071274955,284348100,457000000,16577771579.742432,16.577771579742432,,,,,,,,20.462223,17.639849,4.019156,8.900059,,,,4.427752639649851,Consumer Cyclical,Internet Retail,United States,11500,2020-Q2
EBAY,EBAY INC,2020-05-01 00:00:00-04:00,2020,2,5,41.475589752197266,35.31891277174786,41.57577289000386,34.918183694759854,227158100,457000000,18954344516.75415,18.95434451675415,,,,,,,,20.462223,17.639849,4.019156,8.900059,,,,28.769518111101643,Consumer Cyclical,Internet Retail,United States,11500,2020-Q2
EBAY,EBAY INC,2020-06-01 00:00:00-04:00,2020,2,6,47.94231033325195,41.498206494245565,48.21652685019542,41.14172118668164,289891300,457000000,21909635822.296143,21.909635822296142,,,,,,,,20.462223,17.639849,4.019156,8.900059,,,,34.86895288832914,Consumer Cyclical,Internet Retail,United States,11500,2020-Q2
EBAY,EBAY INC,2020-07-01 00:00:00-04:00,2020,3,7,50.52908706665039,48.17996005491695,55.81234069846441,46.909420949759784,227999000,457000000,23091792789.45923,23.091792789459227,,,,,,,,20.462223,17.639849,4.019156,8.900059,,,,36.313815655690405,Consumer Cyclical,Internet Retail,United States,11500,2020-Q3
EBAY,EBAY INC,2020-08-01 00:00:00-04:00,2020,3,8,50.07206726074219,50.903859421791026,53.98423561667906,48.96605855513321,156439000,457000000,22882934738.15918,22.88293473815918,,,,,,,,20.462223,17.639849,4.019156,8.900059,,,,38.098305188171565,Consumer Cyclical,Internet Retail,United States,11500,2020-Q3
EBAY,EBAY INC,2020-09-01 00:00:00-04:00,2020,3,9,47.763206481933594,50.37597523014057,50.80685015924794,43.491103959161336,187526100,457000000,21827785362.243652,21.827785362243652,,,,,,,,20.462223,17.639849,4.019156,8.900059,,,,35.687277795797165,Consumer Cyclical,Internet Retail,United States,11500,2020-Q3
EBAY,EBAY INC,2020-10-01 00:00:00-04:00,2020,4,10,43.665283203125,48.01072398545279,53.48378273370277,43.078557316664046,173414500,457000000,19955034423.828125,19.955034423828124,,,,,,,,20.462223,17.639849,4.019156,8.900059,,,,37.17170550281028,Consumer Cyclical,Internet Retail,United States,11500,2020-Q4
EBAY,EBAY INC,2020-11-01 00:00:00-04:00,2020,4,11,46.23221206665039,44.17866790639186,47.60735221498107,41.584238645065675,222724800,457000000,21128120914.45923,21.128120914459227,,,,,,,,20.462223,17.639849,4.019156,8.900059,,,,44.13156237605747,Consumer Cyclical,Internet Retail,United States,11500,2020-Q4
EBAY,EBAY INC,2020-12-01 00:00:00-05:00,2020,4,12,46.211204528808594,46.44111101900167,50.47826842549697,44.75819382690292,144344400,457000000,21118520469.665527,21.118520469665526,,,,,,,,20.462223,17.639849,4.019156,8.900059,,,,41.1587683217276,Consumer Cyclical,Internet Retail,United States,11500,2020-Q4
EBAY,EBAY INC,2021-01-01 00:00:00-05:00,2021,1,1,51.96805953979492,46.422716328061334,55.683349123141966,46.39512867286887,158805000,457000000,23749403209.68628,23.749403209686278,,,,,,,,20.462223,17.639849,4.019156,8.900059,,,,70.80578513044316,Consumer Cyclical,Internet Retail,United States,11500,2021-Q1
EBAY,EBAY INC,2021-02-01 00:00:00-05:00,2021,1,2,51.88529968261719,52.262349728166896,59.63774750880924,51.72896493913117,154605100,457000000,23711581954.956055,23.711581954956056,,,,,,,,20.462223,17.639849,4.019156,8.900059,,,,65.21693816709244,Consumer Cyclical,Internet Retail,United States,11500,2021-Q1
EBAY,EBAY INC,2021-03-01 00:00:00-05:00,2021,1,3,56.49637222290039,52.67705224206902,57.815601677329404,47.5200515776206,166531800,457000000,25818842105.86548,25.81884210586548,,,,,,,,20.462223,17.639849,4.019156,8.900059,,,,106.36313689786712,Consumer Cyclical,Internet Retail,United States,11500,2021-Q1
EBAY,EBAY INC,2021-04-01 00:00:00-04:00,2021,2,4,51.468528747558594,56.643980852764415,60.066604824786126,50.693594686043085,147884100,457000000,23521117637.634277,23.521117637634276,,,,,,,,20.462223,17.639849,4.019156,8.900059,,,,41.88347043203573,Consumer Cyclical,Internet Retail,United States,11500,2021-Q2
EBAY,EBAY INC,2021-05-01 00:00:00-04:00,2021,2,5,56.16426467895508,51.819096399939234,57.83406067379062,51.772970080380325,181256400,457000000,25667068958.28247,25.66706895828247,,,,,,,,20.462223,17.639849,4.019156,8.900059,,,,35.41522860679671,Consumer Cyclical,Internet Retail,United States,11500,2021-Q2
EBAY,EBAY INC,2021-06-01 00:00:00-04:00,2021,2,6,64.96807098388672,56.926873789871,65.38447790204948,56.19585490044523,147457500,457000000,29690408439.63623,29.69040843963623,,,,,,,,20.462223,17.639849,4.019156,8.900059,,,,35.513016649149655,Consumer Cyclical,Internet Retail,United States,11500,2021-Q2
EBAY,EBAY INC,2021-07-01 00:00:00-04:00,2021,3,7,63.11740493774414,64.9680838934667,68.59541295233572,62.256838940941954,134053200,457000000,28844654056.549072,28.84465405654907,,,,,,,,20.462223,17.639849,4.019156,8.900059,,,,24.913012686117074,Consumer Cyclical,Internet Retail,United States,11500,2021-Q3
EBAY,EBAY INC,2021-08-01 00:00:00-04:00,2021,3,8,71.0105209350586,63.672581550627584,72.01914423050883,60.211815274952905,170414900,457000000,32451808067.321777,32.45180806732178,,,,,,,,20.462223,17.639849,4.019156,8.900059,,,,41.81663514167049,Consumer Cyclical,Internet Retail,United States,11500,2021-Q3
EBAY,EBAY INC,2021-09-01 00:00:00-04:00,2021,3,9,64.61835479736328,71.47251892916965,71.62092102015276,64.57198445108193,122836300,457000000,29530588142.39502,29.53058814239502,,,,,,,,20.462223,17.639849,4.019156,8.900059,,,,35.288979859015825,Consumer Cyclical,Internet Retail,United States,11500,2021-Q3
EBAY,EBAY INC,2021-10-01 00:00:00-04:00,2021,4,10,71.15719604492188,64.64619744867976,75.3030869224207,63.329160346446166,131691300,457000000,32518838592.529297,32.5188385925293,,,,,,,,20.462223,17.639849,4.019156,8.900059,,,,62.96057376728375,Consumer Cyclical,Internet Retail,United States,11500,2021-Q4
EBAY,EBAY INC,2021-11-01 00:00:00-04:00,2021,4,11,62.568607330322266,70.92531194576787,71.98265222349903,62.03993719145668,152424500,457000000,28593853549.957275,28.593853549957274,,,,,,,,20.462223,17.639849,4.019156,8.900059,,,,35.33552588857442,Consumer Cyclical,Internet Retail,United States,11500,2021-Q4
EBAY,EBAY INC,2021-12-01 00:00:00-05:00,2021,4,12,61.83598327636719,63.82589254658879,63.835193177095185,58.41408196316605,170205400,457000000,28259044357.299805,28.259044357299803,,,,,,,,20.462223,17.639849,4.019156,8.900059,,,,33.811667336690874,Consumer Cyclical,Internet Retail,United States,11500,2021-Q4
EBAY,EBAY INC,2022-01-01 00:00:00-05:00,2022,1,1,55.85694885253906,61.78948060006648,62.75654033438191,51.98871346242819,132032100,457000000,25526625625.61035,25.52662562561035,,,,,,,,20.462223,17.639849,4.019156,8.900059,,,,7.483229789956258,Consumer Cyclical,Internet Retail,United States,11500,2022-Q1
EBAY,EBAY INC,2022-02-01 00:00:00-05:00,2022,1,2,50.76129913330078,55.70817759351707,56.40557591268837,46.05618386298398,140357100,457000000,23197913703.918457,23.197913703918456,,,,,,,,20.462223,17.639849,4.019156,8.900059,,,,-2.166317928569228,Consumer Cyclical,Internet Retail,United States,11500,2022-Q1
EBAY,EBAY INC,2022-03-01 00:00:00-05:00,2022,1,3,53.244041442871094,50.73341004884658,56.15451841583822,46.49322651381229,191720100,457000000,24332526939.39209,24.33252693939209,,,,,,,,20.462223,17.639849,4.019156,8.900059,,,,-5.756707292987895,Consumer Cyclical,Internet Retail,United States,11500,2022-Q1
EBAY,EBAY INC,2022-04-01 00:00:00-04:00,2022,2,4,48.47861862182617,54.03423934522297,54.501098169679,48.10513369937144,100862000,457000000,22154728710.17456,22.15472871017456,,,,,,,,20.462223,17.639849,4.019156,8.900059,,,,-5.809200687272897,Consumer Cyclical,Internet Retail,United States,11500,2022-Q2
EBAY,EBAY INC,2022-05-01 00:00:00-04:00,2022,2,5,45.44404220581055,48.52531369965403,50.8782829100442,40.41130398991378,185445000,457000000,20767927288.05542,20.76792728805542,,,,,,,,20.462223,17.639849,4.019156,8.900059,,,,-19.08726578087193,Consumer Cyclical,Internet Retail,United States,11500,2022-Q2
EBAY,EBAY INC,2022-06-01 00:00:00-04:00,2022,2,6,39.08414077758789,46.034312100325316,46.034312100325316,38.005506882393156,162136800,457000000,17861452335.357666,17.861452335357665,,,,,,,,20.462223,17.639849,4.019156,8.900059,,,,-39.84100160941907,Consumer Cyclical,Internet Retail,United States,11500,2022-Q2
EBAY,EBAY INC,2022-07-01 00:00:00-04:00,2022,3,7,45.61224365234375,39.337392435195234,46.64398120769648,38.66207480429913,97879700,457000000,20844795349.121094,20.844795349121092,,,,,,,,20.462223,17.639849,4.019156,8.900059,,,,-27.734285499644052,Consumer Cyclical,Internet Retail,United States,11500,2022-Q3
EBAY,EBAY INC,2022-08-01 00:00:00-04:00,2022,3,8,41.3914909362793,44.88064197155821,47.66633822426674,41.17576413506919,114995100,457000000,18915911357.87964,18.91591135787964,,,,,,,,20.462223,17.639849,4.019156,8.900059,,,,-41.71076286831757,Consumer Cyclical,Internet Retail,United States,11500,2022-Q3
EBAY,EBAY INC,2022-09-01 00:00:00-04:00,2022,3,9,34.697471618652344,41.46541096981783,43.21866235857836,34.65033824716403,121274400,457000000,15856744529.724121,15.856744529724121,,,,,,,,20.462223,17.639849,4.019156,8.900059,,,,-46.30400026825171,Consumer Cyclical,Internet Retail,United States,11500,2022-Q3
EBAY,EBAY INC,2022-10-01 00:00:00-04:00,2022,4,10,37.553565979003906,34.81999674646887,38.298228413519546,33.858534539075926,133932100,457000000,17161979652.404785,17.161979652404785,,,,,,,,20.462223,17.639849,4.019156,8.900059,,,,-47.22450002766247,Consumer Cyclical,Internet Retail,United States,11500,2022-Q4
EBAY,EBAY INC,2022-11-01 00:00:00-04:00,2022,4,11,42.832191467285156,38.194552603733534,44.42520445888204,35.82859980154471,128469100,457000000,19574311500.549316,19.574311500549317,,,,,,,,20.462223,17.639849,4.019156,8.900059,,,,-31.543639382672282,Consumer Cyclical,Internet Retail,United States,11500,2022-Q4
EBAY,EBAY INC,2022-12-01 00:00:00-05:00,2022,4,12,39.28750228881836,42.97277731716869,43.664358166993416,37.40223117244121,112023200,457000000,17954388545.98999,17.95438854598999,,,,,,,,20.462223,17.639849,4.019156,8.900059,,,,-36.46498332010276,Consumer Cyclical,Internet Retail,United States,11500,2022-Q4
EBAY,EBAY INC,2023-01-01 00:00:00-05:00,2023,1,1,46.89488983154297,39.865394949059315,47.26436414289514,39.353813465370685,89423000,457000000,21430964653.015137,21.43096465301514,,,,,,,,20.462223,17.639849,4.019156,8.900059,,,,-16.04466266973462,Consumer Cyclical,Internet Retail,United States,11500,2023-Q1
EBAY,EBAY INC,2023-02-01 00:00:00-05:00,2023,1,2,43.48435974121094,46.667525417342134,49.48122034587226,41.409613535754985,95454900,457000000,19872352401.7334,19.872352401733398,,,,,,,,20.462223,17.639849,4.019156,8.900059,,,,-14.335605109278958,Consumer Cyclical,Internet Retail,United States,11500,2023-Q1
EBAY,EBAY INC,2023-03-01 00:00:00-05:00,2023,1,3,42.03487777709961,43.27593590060003,43.834885301085144,38.018024131186195,118451300,457000000,19209939144.13452,19.20993914413452,,,,,,,,20.462223,17.639849,4.019156,8.900059,,,,-21.052428331907347,Consumer Cyclical,Internet Retail,United States,11500,2023-Q1
EBAY,EBAY INC,2023-04-01 00:00:00-04:00,2023,2,4,44.236328125,42.06405215121904,44.46498684094286,40.482482100499354,88021600,457000000,20216001953.125,20.216001953125,,,,,,,,20.462223,17.639849,4.019156,8.900059,,,,-8.750848554327817,Consumer Cyclical,Internet Retail,United States,11500,2023-Q2
EBAY,EBAY INC,2023-05-01 00:00:00-04:00,2023,2,5,40.530120849609375,43.84570145534325,44.188693179120015,40.02515919650917,99430900,457000000,18522265228.271484,18.522265228271486,,,,,,,,20.462223,17.639849,4.019156,8.900059,,,,-10.813125588491046,Consumer Cyclical,Internet Retail,United States,11500,2023-Q2
EBAY,EBAY INC,2023-06-01 00:00:00-04:00,2023,2,6,42.823970794677734,41.01288820010609,44.59672636462523,40.75416159296516,103535000,457000000,19570554653.167725,19.570554653167726,,,,,,,,20.462223,17.639849,4.019156,8.900059,,,,9.568663766645692,Consumer Cyclical,Internet Retail,United States,11500,2023-Q2
EBAY,EBAY INC,2023-07-01 00:00:00-04:00,2023,3,7,42.65148162841797,42.795219834810204,47.413960256854196,41.492006102290595,125855500,457000000,19491727104.18701,19.49172710418701,,,,,,,,20.462223,17.639849,4.019156,8.900059,,,,-6.491156292360212,Consumer Cyclical,Internet Retail,United States,11500,2023-Q3
EBAY,EBAY INC,2023-08-01 00:00:00-04:00,2023,3,8,42.91021728515625,42.30652546358088,43.446835893082905,40.466692847414656,104396000,457000000,19609969299.316406,19.609969299316408,,,,,,,,20.462223,17.639849,4.019156,8.900059,,,,3.669175268933844,Consumer Cyclical,Internet Retail,United States,11500,2023-Q3
EBAY,EBAY INC,2023-09-01 00:00:00-04:00,2023,3,9,42.48638153076172,43.56564444229312,43.883643617877524,40.867485325489085,106486600,457000000,19416276359.558105,19.416276359558104,,,,,,,,20.462223,17.639849,4.019156,8.900059,,,,22.4480619156189,Consumer Cyclical,Internet Retail,United States,11500,2023-Q3
EBAY,EBAY INC,2023-10-01 00:00:00-04:00,2023,4,10,37.80314636230469,42.312928125664484,42.43820086241089,36.55043002269387,107359500,457000000,17276037887.573242,17.276037887573242,,,,,,,,20.462223,17.639849,4.019156,8.900059,,,,0.664598359155355,Consumer Cyclical,Internet Retail,United States,11500,2023-Q4
EBAY,EBAY INC,2023-11-01 00:00:00-04:00,2023,4,11,39.51840591430664,37.716421523326076,40.337492401807815,35.81807207007706,164005100,457000000,18059911502.838135,18.059911502838133,,,,,,,,20.462223,17.639849,4.019156,8.900059,,,,-7.73667057290206,Consumer Cyclical,Internet Retail,United States,11500,2023-Q4
EBAY,EBAY INC,2023-12-01 00:00:00-05:00,2023,4,12,42.29365158081055,39.74362429474289,42.9238885990518,39.36547986457556,143451100,457000000,19328198772.43042,19.32819877243042,,,,,,,,20.462223,17.639849,4.019156,8.900059,,,,7.651668130727085,Consumer Cyclical,Internet Retail,United States,11500,2023-Q4
EBAY,EBAY INC,2024-01-01 00:00:00-05:00,2024,1,1,39.82118225097656,41.944589484762275,42.856009227001,38.93885281242229,112709600,457000000,18198280288.69629,18.19828028869629,,,,,,,,20.462223,17.639849,4.019156,8.900059,,,,-15.084175708647063,Consumer Cyclical,Internet Retail,United States,11500,2024-Q1
EBAY,EBAY INC,2024-02-01 00:00:00-05:00,2024,1,2,45.84235382080078,40.1411498970275,46.879817988836244,39.50121869339158,151952100,457000000,20949955696.105957,20.949955696105956,,,,,,,,20.462223,17.639849,4.019156,8.900059,,,,5.422625729395603,Consumer Cyclical,Internet Retail,United States,11500,2024-Q1
EBAY,EBAY INC,2024-03-01 00:00:00-05:00,2024,1,3,51.17512130737305,45.76479387299647,51.320561748083236,45.629051434309126,158940600,457000000,23387030437.469482,23.387030437469484,,,,,,,,20.462223,17.639849,4.019156,8.900059,,,,21.7444275174103,Consumer Cyclical,Internet Retail,United States,11500,2024-Q1
EBAY,EBAY INC,2024-04-01 00:00:00-04:00,2024,2,4,50.239952087402344,51.32195395954918,51.58514018714835,48.16367832513343,105060100,457000000,22959658103.94287,22.95965810394287,2572000000.0,2572.0,1837000000.0,224000000.0,549000000.0,470000000.0,2.2316930505387704,20.462223,17.639849,4.019156,8.900059,,,,13.57170501457019,Consumer Cyclical,Internet Retail,United States,11500,2024-Q2
EBAY,EBAY INC,2024-05-01 00:00:00-04:00,2024,2,5,52.85235595703125,50.38617014626936,53.758897935317485,47.29613200838268,121611700,457000000,24153526672.36328,24.15352667236328,2572000000.0,2572.0,1837000000.0,224000000.0,549000000.0,470000000.0,2.3477378180757467,20.462223,17.639849,4.019156,8.900059,,0.0,,30.402660661054103,Consumer Cyclical,Internet Retail,United States,11500,2024-Q2
EBAY,EBAY INC,2024-06-01 00:00:00-04:00,2024,2,6,52.63132858276367,52.95463896317882,54.228292824837844,50.67185995332216,97942700,457000000,24052517162.322998,24.052517162323,2572000000.0,2572.0,1837000000.0,224000000.0,549000000.0,470000000.0,2.337919630863433,20.462223,17.639849,4.019156,8.900059,,0.0,,22.901560985803826,Consumer Cyclical,Internet Retail,United States,11500,2024-Q2
EBAY,EBAY INC,2024-07-01 00:00:00-04:00,2024,3,7,54.4830207824707,52.758686455677186,54.727954338416076,50.97557046738604,88870400,457000000,24898740497.58911,24.89874049758911,2576000000.0,2576.0,1849000000.0,634000000.0,595000000.0,952000000.0,2.4164150327629184,20.462223,17.639849,4.019156,8.900059,,0.15552099533437946,,27.74004255498026,Consumer Cyclical,Internet Retail,United States,11500,2024-Q3
EBAY,EBAY INC,2024-08-01 00:00:00-04:00,2024,3,8,57.90229034423828,53.944166974326926,58.63709100209608,52.650918115488366,96932300,457000000,26461346687.316895,26.461346687316894,2576000000.0,2576.0,1849000000.0,634000000.0,595000000.0,952000000.0,2.5680654781945744,20.462223,17.639849,4.019156,8.900059,,0.0,0.15552099533437946,34.93823617683749,Consumer Cyclical,Internet Retail,United States,11500,2024-Q3
EBAY,EBAY INC,2024-09-01 00:00:00-04:00,2024,3,9,64.08576965332031,57.97345868504837,64.41058029887239,57.510850949149024,116084300,457000000,29287196731.567383,29.287196731567384,2576000000.0,2576.0,1849000000.0,634000000.0,595000000.0,952000000.0,2.842313347395903,20.462223,17.639849,4.019156,8.900059,,0.0,0.15552099533437946,50.83838007461245,Consumer Cyclical,Internet Retail,United States,11500,2024-Q3
EBAY,EBAY INC,2024-10-01 00:00:00-04:00,2024,4,10,56.605323791503906,64.12514413182532,66.73345918656928,55.443889512842745,99350200,457000000,25868632972.717285,25.868632972717286,2579000000.0,2579.0,1861000000.0,679000000.0,543000000.0,761000000.0,2.507622428530175,20.462223,17.639849,4.019156,8.900059,,0.11645962732920179,0.27216174183515296,49.73707016077309,Consumer Cyclical,Internet Retail,United States,11500,2024-Q4
EBAY,EBAY INC,2024-11-01 00:00:00-04:00,2024,4,11,62.294403076171875,56.79233769990578,64.87319127012522,56.634854766699334,88086900,457000000,28468542205.810547,28.468542205810547,2579000000.0,2579.0,1861000000.0,679000000.0,543000000.0,761000000.0,2.7596493026183158,20.462223,17.639849,4.019156,8.900059,,0.0,0.11645962732920179,57.633896496872005,Consumer Cyclical,Internet Retail,United States,11500,2024-Q4
EBAY,EBAY INC,2024-12-01 00:00:00-05:00,2024,4,12,61.23256301879883,62.47796940583181,65.7496341613214,60.036576831870725,88299400,457000000,27983281299.591064,27.983281299591063,2579000000.0,2579.0,1861000000.0,679000000.0,543000000.0,761000000.0,2.7126096645590407,20.462223,17.639849,4.019156,8.900059,,0.0,0.11645962732920179,44.77956083267407,Consumer Cyclical,Internet Retail,United States,11500,2024-Q4
EBAY,EBAY INC,2025-01-01 00:00:00-05:00,2025,1,1,66.69852447509766,61.202909127375506,70.69173102028779,60.40229206603858,99970500,457000000,30481225685.11963,30.48122568511963,2585000000.0,2585.0,1862000000.0,503000000.0,616000000.0,774000000.0,2.9478941668394225,20.462223,17.639849,4.019156,8.900059,,0.23264831329972147,0.34937888198758316,67.49508855544329,Consumer Cyclical,Internet Retail,United States,11500,2025-Q1
EBAY,EBAY INC,2025-02-01 00:00:00-05:00,2025,1,2,63.99024963378906,65.82870974041204,70.78069148186675,60.83719410103952,95092700,457000000,29243544082.6416,29.243544082641602,2585000000.0,2585.0,1862000000.0,503000000.0,616000000.0,774000000.0,2.828195752673269,20.462223,17.639849,4.019156,8.900059,,0.0,0.23264831329972147,39.58761778230016,Consumer Cyclical,Internet Retail,United States,11500,2025-Q1
EBAY,EBAY INC,2025-03-01 00:00:00-05:00,2025,1,3,66.94562530517578,64.25712429342778,70.65219672776098,63.328007977033984,122536600,457000000,30594150764.465332,30.594150764465333,2585000000.0,2585.0,1862000000.0,503000000.0,616000000.0,774000000.0,2.958815354397034,20.462223,17.639849,4.019156,8.900059,,0.0,0.23264831329972147,30.81673984333204,Consumer Cyclical,Internet Retail,United States,11500,2025-Q1
EBAY,EBAY INC,2025-04-01 00:00:00-04:00,2025,2,4,67.67611694335938,67.12008738709555,68.48036410524296,58.29320056204837,132696500,457000000,30927985443.115234,30.927985443115233,2730000000.0,2730.0,1954000000.0,368000000.0,484000000.0,646000000.0,2.832233099186377,20.462223,17.639849,4.019156,8.900059,,5.609284332688591,5.854982551376509,34.705775247602475,Consumer Cyclical,Internet Retail,United States,11500,2025-Q2
EBAY,EBAY INC,2025-05-01 00:00:00-04:00,2025,2,5,72.65054321289062,69.5526978424169,72.81933451572156,66.71300120266181,108791100,457000000,33201298248.291016,33.20129824829102,2730000000.0,2730.0,1954000000.0,368000000.0,484000000.0,646000000.0,3.040411927499177,20.462223,17.639849,4.019156,8.900059,,0.0,5.609284332688591,37.459422380253436,Consumer Cyclical,Internet Retail,United States,11500,2025-Q2
EBAY,EBAY INC,2025-06-01 00:00:00-04:00,2025,2,6,74.22731018066406,72.61236997326957,79.59049484102826,72.60240669945631,122161200,457000000,33921880752.563477,33.921880752563474,2730000000.0,2730.0,1954000000.0,368000000.0,484000000.0,646000000.0,3.1063993363153366,20.462223,17.639849,4.019156,8.900059,,0.0,5.609284332688591,41.032560224924474,Consumer Cyclical,Internet Retail,United States,11500,2025-Q2
EBAY,EBAY INC,2025-07-01 00:00:00-04:00,2025,3,7,91.4632797241211,74.55628091884633,92.50003061949134,74.42668990900725,120994700,457000000,41798718833.92334,41.79871883392334,,,,,,,,20.462223,17.639849,4.019156,8.900059,,0.0,5.609284332688591,67.87483221478861,Consumer Cyclical,Internet Retail,United States,11500,2025-Q3
EBAY,EBAY INC,2025-08-01 00:00:00-04:00,2025,3,8,90.32684326171875,88.90131172480508,100.833906546811,88.67202713114582,130922300,457000000,41279367370.60547,41.27936737060547,,,,,,,,20.462223,17.639849,4.019156,8.900059,,0.0,0.0,55.99873981618235,Consumer Cyclical,Internet Retail,United States,11500,2025-Q3
EBAY,EBAY INC,2025-09-01 00:00:00-04:00,2025,3,9,90.94999694824219,89.41999816894531,94.37999725341797,87.94999694824219,117346400,457000000,41564148605.34668,41.56414860534668,,,,,,,,20.462223,17.639849,4.019156,8.900059,,0.0,0.0,41.919177128163,Consumer Cyclical,Internet Retail,United States,11500,2025-Q3
EBAY,EBAY INC,2025-10-01 00:00:00-04:00,2025,4,10,92.08000183105469,90.75,94.6500015258789,86.3499984741211,41974695,457000000,42080560836.79199,42.08056083679199,,,,,,,,20.462223,17.639849,4.019156,8.900059,,0.0,0.0,62.670214855082776,Consumer Cyclical,Internet Retail,United States,11500,2025-Q4
