ticker,company_name,date,year,quarter,month,close_price,open_price,high_price,low_price,volume,shares_outstanding,market_cap,market_cap_billions,revenue,revenue_millions,gross_profit,net_income,operating_income,ebitda,ps_ratio,current_pe,forward_pe,current_ps,current_pb,peg_ratio,revenue_qoq_pct,revenue_yoy_pct,market_cap_yoy_pct,sector,industry,country,employees,year_quarter
FRSH,FRESHWORKS INC-CL A,2021-09-01 00:00:00-04:00,2021,3,9,42.689998626708984,43.25,49.25,40.05099868774414,34103400,237933261,10157370585.33839,10.15737058533839,,,,,,,,,22.333334,4.2441955,3.3778174,,,,,Technology,Software - Application,United States,4400,2021-Q3
FRSH,FRESHWORKS INC-CL A,2021-10-01 00:00:00-04:00,2021,4,10,50.25,42.7400016784668,50.630001068115234,39.0,21229000,237933261,11956146365.25,11.95614636525,,,,,,,,,22.333334,4.2441955,3.3778174,,,,,Technology,Software - Application,United States,4400,2021-Q4
FRSH,FRESHWORKS INC-CL A,2021-11-01 00:00:00-04:00,2021,4,11,35.220001220703125,50.029998779296875,53.35599899291992,33.72999954223633,55902700,237933261,8380009742.865875,8.380009742865875,,,,,,,,,22.333334,4.2441955,3.3778174,,,,,Technology,Software - Application,United States,4400,2021-Q4
FRSH,FRESHWORKS INC-CL A,2021-12-01 00:00:00-05:00,2021,4,12,26.260000228881836,35.619998931884766,36.0,23.190000534057617,34104000,237933261,6248127488.318602,6.248127488318602,,,,,,,,,22.333334,4.2441955,3.3778174,,,,,Technology,Software - Application,United States,4400,2021-Q4
FRSH,FRESHWORKS INC-CL A,2022-01-01 00:00:00-05:00,2022,1,1,21.75,26.399999618530273,26.809999465942383,18.520000457763672,29101400,237933261,5175048426.75,5.17504842675,,,,,,,,,22.333334,4.2441955,3.3778174,,,,,Technology,Software - Application,United States,4400,2022-Q1
FRSH,FRESHWORKS INC-CL A,2022-02-01 00:00:00-05:00,2022,1,2,18.31999969482422,22.139999389648438,23.719999313354492,15.600000381469727,50527700,237933261,4358937268.908531,4.358937268908531,,,,,,,,,22.333334,4.2441955,3.3778174,,,,,Technology,Software - Application,United States,4400,2022-Q1
FRSH,FRESHWORKS INC-CL A,2022-03-01 00:00:00-05:00,2022,1,3,17.920000076293945,18.420000076293945,21.260000228881836,15.6899995803833,67775500,237933261,4263764055.272867,4.263764055272867,,,,,,,,,22.333334,4.2441955,3.3778174,,,,,Technology,Software - Application,United States,4400,2022-Q1
FRSH,FRESHWORKS INC-CL A,2022-04-01 00:00:00-04:00,2022,2,4,18.170000076293945,18.219999313354492,20.260000228881836,15.760000228881836,67782400,237933261,4323247370.522867,4.323247370522867,,,,,,,,,22.333334,4.2441955,3.3778174,,,,,Technology,Software - Application,United States,4400,2022-Q2
FRSH,FRESHWORKS INC-CL A,2022-05-01 00:00:00-04:00,2022,2,5,15.760000228881836,18.219999313354492,18.690000534057617,12.90999984741211,61972400,237933261,3749828247.8186016,3.7498282478186016,,,,,,,,,22.333334,4.2441955,3.3778174,,,,,Technology,Software - Application,United States,4400,2022-Q2
FRSH,FRESHWORKS INC-CL A,2022-06-01 00:00:00-04:00,2022,2,6,13.149999618530273,15.449999809265137,16.610000610351562,10.510000228881836,81564900,237933261,3128822291.385664,3.128822291385664,,,,,,,,,22.333334,4.2441955,3.3778174,,,,,Technology,Software - Application,United States,4400,2022-Q2
FRSH,FRESHWORKS INC-CL A,2022-07-01 00:00:00-04:00,2022,3,7,13.109999656677246,13.199999809265137,16.079999923706055,11.470000267028809,52507500,237933261,3119304970.0220976,3.1193049700220974,,,,,,,,,22.333334,4.2441955,3.3778174,,,,,Technology,Software - Application,United States,4400,2022-Q3
FRSH,FRESHWORKS INC-CL A,2022-08-01 00:00:00-04:00,2022,3,8,13.609999656677246,12.729999542236328,17.020000457763672,12.670999526977539,50013100,237933261,3238271600.5220976,3.2382716005220975,,,,,,,,,22.333334,4.2441955,3.3778174,,,,,Technology,Software - Application,United States,4400,2022-Q3
FRSH,FRESHWORKS INC-CL A,2022-09-01 00:00:00-04:00,2022,3,9,12.970000267028809,13.4399995803833,16.139999389648438,12.699999809265137,39791700,237933261,3085994458.705035,3.085994458705035,,,,,,,,,22.333334,4.2441955,3.3778174,,,,-69.6181759562903,Technology,Software - Application,United States,4400,2022-Q3
FRSH,FRESHWORKS INC-CL A,2022-10-01 00:00:00-04:00,2022,4,10,13.59000015258789,13.0600004196167,15.09000015258789,11.960000038146973,23360500,237933261,3233513053.2957344,3.2335130532957344,,,,,,,,,22.333334,4.2441955,3.3778174,,,,-72.95522357693952,Technology,Software - Application,United States,4400,2022-Q4
FRSH,FRESHWORKS INC-CL A,2022-11-01 00:00:00-04:00,2022,4,11,14.779999732971191,14.0,14.989999771118164,11.920000076293945,26208600,237933261,3516653534.044965,3.516653534044965,,,,,,,,,22.333334,4.2441955,3.3778174,,,,-58.03520948124452,Technology,Software - Application,United States,4400,2022-Q4
FRSH,FRESHWORKS INC-CL A,2022-12-01 00:00:00-05:00,2022,4,12,14.710000038146973,14.779999732971191,16.84000015258789,13.418000221252441,28207200,237933261,3499998278.3864336,3.4999982783864336,,,,,,,,,22.333334,4.2441955,3.3778174,,,,-43.983244821268876,Technology,Software - Application,United States,4400,2022-Q4
FRSH,FRESHWORKS INC-CL A,2023-01-01 00:00:00-05:00,2023,1,1,16.18000030517578,15.079999923706055,16.924999237060547,13.84000015258789,33467700,237933261,3849760235.591469,3.849760235591469,,,,,,,,,22.333334,4.2441955,3.3778174,,,,-25.609193999191817,Technology,Software - Application,United States,4400,2023-Q1
FRSH,FRESHWORKS INC-CL A,2023-02-01 00:00:00-05:00,2023,1,2,14.9399995803833,16.270000457763672,18.139999389648438,14.710000038146973,34257000,237933261,3554722819.4992304,3.55472281949923,,,,,,,,,22.333334,4.2441955,3.3778174,,,,-18.449782591403853,Technology,Software - Application,United States,4400,2023-Q1
FRSH,FRESHWORKS INC-CL A,2023-03-01 00:00:00-05:00,2023,1,3,15.359999656677246,14.960000038146973,15.949999809265137,12.949999809265137,37950700,237933261,3654654807.2720976,3.6546548072720975,,,,,,,,,22.333334,4.2441955,3.3778174,,,,-14.28571656650426,Technology,Software - Application,United States,4400,2023-Q1
FRSH,FRESHWORKS INC-CL A,2023-04-01 00:00:00-04:00,2023,2,4,13.359999656677246,15.0,15.345000267028809,13.300000190734863,22427900,237933261,3178788285.2720976,3.1787882852720974,,,,,,,,,22.333334,4.2441955,3.3778174,,,,-26.472209132746315,Technology,Software - Application,United States,4400,2023-Q2
FRSH,FRESHWORKS INC-CL A,2023-05-01 00:00:00-04:00,2023,2,5,15.760000228881836,13.170000076293945,15.979999542236328,12.220000267028809,49448900,237933261,3749828247.8186016,3.7498282478186016,,,,,,,,,22.333334,4.2441955,3.3778174,,,,0.0,Technology,Software - Application,United States,4400,2023-Q2
FRSH,FRESHWORKS INC-CL A,2023-06-01 00:00:00-04:00,2023,2,6,17.579999923706055,15.25,17.850000381469727,14.8100004196167,70169300,237933261,4182866710.227133,4.182866710227133,,,,,,,,,22.333334,4.2441955,3.3778174,,,,33.688216225750026,Technology,Software - Application,United States,4400,2023-Q2
FRSH,FRESHWORKS INC-CL A,2023-07-01 00:00:00-04:00,2023,3,7,18.65999984741211,17.350000381469727,18.709999084472656,15.824999809265137,39637500,237933261,4439834613.954266,4.4398346139542655,,,,,,,,,22.333334,4.2441955,3.3778174,,,,42.33409867335971,Technology,Software - Application,United States,4400,2023-Q3
FRSH,FRESHWORKS INC-CL A,2023-08-01 00:00:00-04:00,2023,3,8,21.8700008392334,18.540000915527344,23.09000015258789,17.875,76410600,237933261,5203600617.751539,5.2036006177515395,,,,,,,,,22.333334,4.2441955,3.3778174,,,,60.69067884585644,Technology,Software - Application,United States,4400,2023-Q3
FRSH,FRESHWORKS INC-CL A,2023-09-01 00:00:00-04:00,2023,3,9,19.920000076293945,22.1200008392334,23.799999237060547,18.690000534057617,55976900,237933261,4739630577.272867,4.739630577272867,,,,,,,,,22.333334,4.2441955,3.3778174,,,,53.585194033748884,Technology,Software - Application,United States,4400,2023-Q3
FRSH,FRESHWORKS INC-CL A,2023-10-01 00:00:00-04:00,2023,4,10,17.940000534057617,19.920000076293945,20.06999969482422,17.28499984741211,46837600,237933261,4268522829.4100704,4.26852282941007,,,,,,,,,22.333334,4.2441955,3.3778174,,,,32.00883246966979,Technology,Software - Application,United States,4400,2023-Q4
FRSH,FRESHWORKS INC-CL A,2023-11-01 00:00:00-04:00,2023,4,11,20.020000457763672,17.649999618530273,21.125,16.864999771118164,50347700,237933261,4763423994.137203,4.763423994137203,,,,,,,,,22.333334,4.2441955,3.3778174,,,,35.4533208353387,Technology,Software - Application,United States,4400,2023-Q4
FRSH,FRESHWORKS INC-CL A,2023-12-01 00:00:00-05:00,2023,4,12,23.489999771118164,20.15999984741211,24.975000381469727,19.684999465942383,47695400,237933261,5589052246.431398,5.5890522464313985,,,,,,,,,22.333334,4.2441955,3.3778174,,,,59.687285589410585,Technology,Software - Application,United States,4400,2023-Q4
FRSH,FRESHWORKS INC-CL A,2024-01-01 00:00:00-05:00,2024,1,1,22.200000762939453,23.11400032043457,23.93000030517578,21.014999389648438,51672100,237933261,5282118575.728672,5.282118575728672,,,,,,,,,22.333334,4.2441955,3.3778174,,,,37.20642981593731,Technology,Software - Application,United States,4400,2024-Q1
FRSH,FRESHWORKS INC-CL A,2024-02-01 00:00:00-05:00,2024,1,2,20.440000534057617,22.489999771118164,22.950000762939453,19.503999710083008,59978400,237933261,4863355981.91007,4.86335598191007,,,,,,,,,22.333334,4.2441955,3.3778174,,,,36.81392977343852,Technology,Software - Application,United States,4400,2024-Q1
FRSH,FRESHWORKS INC-CL A,2024-03-01 00:00:00-05:00,2024,1,3,18.209999084472656,20.40999984741211,20.440000534057617,17.639999389648438,48577100,237933261,4332764464.975594,4.332764464975593,,,,,,,,,22.333334,4.2441955,3.3778174,,,,18.554684189439218,Technology,Software - Application,United States,4400,2024-Q1
FRSH,FRESHWORKS INC-CL A,2024-04-01 00:00:00-04:00,2024,2,4,17.850000381469727,18.200000762939453,18.920000076293945,16.860000610351562,49311600,237933261,4247108799.614336,4.247108799614336,174131000.0,174.131,145956000.0,-20184000.0,-43787000.0,-40041000.0,6.097577110931334,,22.333334,4.2441955,3.3778174,,,,33.607790719877784,Technology,Software - Application,United States,4400,2024-Q2
FRSH,FRESHWORKS INC-CL A,2024-05-01 00:00:00-04:00,2024,2,5,12.880000114440918,17.899999618530273,18.780000686645508,12.6899995803833,85887800,237933261,3064580428.909301,3.064580428909301,174131000.0,174.131,145956000.0,-20184000.0,-43787000.0,-40041000.0,4.399820291776451,,22.333334,4.2441955,3.3778174,,0.0,,-18.27411213588067,Technology,Software - Application,United States,4400,2024-Q2
FRSH,FRESHWORKS INC-CL A,2024-06-01 00:00:00-04:00,2024,2,6,12.6899995803833,13.109999656677246,13.289999961853027,11.899999618530273,43242400,237933261,3019372982.2492304,3.0193729822492306,174131000.0,174.131,145956000.0,-20184000.0,-43787000.0,-40041000.0,4.334915928595756,,22.333334,4.2441955,3.3778174,,0.0,,-27.81570173233475,Technology,Software - Application,United States,4400,2024-Q2
FRSH,FRESHWORKS INC-CL A,2024-07-01 00:00:00-04:00,2024,3,7,12.5,12.739999771118164,13.800000190734863,12.175000190734863,48405600,237933261,2974165762.5,2.9741657625,186575000.0,186.575,156769000.0,-29959000.0,-38864000.0,-32525000.0,3.9852147427308053,,22.333334,4.2441955,3.3778174,,7.146343844576775,,-33.0117893771924,Technology,Software - Application,United States,4400,2024-Q3
FRSH,FRESHWORKS INC-CL A,2024-08-01 00:00:00-04:00,2024,3,8,11.680000305175781,12.569999694824219,12.699999809265137,10.960000038146973,46258200,237933261,2779060561.091469,2.7790605610914687,186575000.0,186.575,156769000.0,-29959000.0,-38864000.0,-32525000.0,3.7237847529029464,,22.333334,4.2441955,3.3778174,,0.0,7.146343844576775,-46.59350774133214,Technology,Software - Application,United States,4400,2024-Q3
FRSH,FRESHWORKS INC-CL A,2024-09-01 00:00:00-04:00,2024,3,9,11.479999542236328,11.543999671936035,11.75,10.890000343322754,55696000,237933261,2731473727.362797,2.731473727362797,186575000.0,186.575,156769000.0,-29959000.0,-38864000.0,-32525000.0,3.660021073781049,,22.333334,4.2441955,3.3778174,,0.0,7.146343844576775,-42.36948043038288,Technology,Software - Application,United States,4400,2024-Q3
FRSH,FRESHWORKS INC-CL A,2024-10-01 00:00:00-04:00,2024,4,10,11.699999809265137,11.520000457763672,12.0,10.8100004196167,70995500,237933261,2783819108.317832,2.783819108317832,194571000.0,194.571,165112000.0,-21900000.0,-14128000.0,-7765000.0,3.5768679663436895,,22.333334,4.2441955,3.3778174,,4.285676001607941,11.738288989324118,-34.78261170029706,Technology,Software - Application,United States,4400,2024-Q4
FRSH,FRESHWORKS INC-CL A,2024-11-01 00:00:00-04:00,2024,4,11,15.989999771118164,11.859999656677246,17.045000076293945,11.729999542236328,113994300,237933261,3804552788.9313984,3.8045527889313986,194571000.0,194.571,165112000.0,-21900000.0,-14128000.0,-7765000.0,4.888386230388134,,22.333334,4.2441955,3.3778174,,0.0,4.285676001607941,-20.129873099391915,Technology,Software - Application,United States,4400,2024-Q4
FRSH,FRESHWORKS INC-CL A,2024-12-01 00:00:00-05:00,2024,4,12,16.170000076293945,16.270000457763672,17.65999984741211,14.960000038146973,79107700,237933261,3847380848.522867,3.8473808485228673,194571000.0,194.571,165112000.0,-21900000.0,-14128000.0,-7765000.0,4.943415062525848,,22.333334,4.2441955,3.3778174,,0.0,4.285676001607941,-31.162195683903036,Technology,Software - Application,United States,4400,2024-Q4
FRSH,FRESHWORKS INC-CL A,2025-01-01 00:00:00-05:00,2025,1,1,18.600000381469727,16.3799991607666,19.770000457763672,15.28499984741211,79918600,237933261,4425558745.364336,4.425558745364336,196273000.0,196.273,166395000.0,-1304000.0,-10011000.0,-3651000.0,5.636993811380496,,22.333334,4.2441955,3.3778174,,0.8747449517142902,5.197909687793123,-16.216217377251386,Technology,Software - Application,United States,4400,2025-Q1
FRSH,FRESHWORKS INC-CL A,2025-02-01 00:00:00-05:00,2025,1,2,17.059999465942383,17.920000076293945,18.780000686645508,16.729999542236328,84084400,237933261,4059141305.5899296,4.05914130558993,196273000.0,196.273,166395000.0,-1304000.0,-10011000.0,-3651000.0,5.170274701041317,,22.333334,4.2441955,3.3778174,,0.0,0.8747449517142902,-16.536208316058488,Technology,Software - Application,United States,4400,2025-Q1
FRSH,FRESHWORKS INC-CL A,2025-03-01 00:00:00-05:00,2025,1,3,14.109999656677246,17.110000610351562,17.20800018310547,13.770000457763672,58457300,237933261,3357238231.0220976,3.3572382310220976,196273000.0,196.273,166395000.0,-1304000.0,-10011000.0,-3651000.0,4.276235436129903,,22.333334,4.2441955,3.3778174,,0.0,0.8747449517142902,-22.51509958224769,Technology,Software - Application,United States,4400,2025-Q1
FRSH,FRESHWORKS INC-CL A,2025-04-01 00:00:00-04:00,2025,2,4,14.770000457763672,14.09000015258789,15.09000015258789,11.369999885559082,80649100,237933261,3514274373.887203,3.5142743738872033,204678000.0,204.678,173536000.0,-1739000.0,-8656000.0,-2375000.0,4.29244273186078,,22.333334,4.2441955,3.3778174,,4.282300673042139,5.194504833711089,-17.254901164615298,Technology,Software - Application,United States,4400,2025-Q2
FRSH,FRESHWORKS INC-CL A,2025-05-01 00:00:00-04:00,2025,2,5,15.270000457763672,15.100000381469727,16.139999389648438,14.03499984741211,56389400,237933261,3633241004.387203,3.6332410043872034,204678000.0,204.678,173536000.0,-1739000.0,-8656000.0,-2375000.0,4.437752230805464,,22.333334,4.2441955,3.3778174,,0.0,4.282300673042139,18.55590312179509,Technology,Software - Application,United States,4400,2025-Q2
FRSH,FRESHWORKS INC-CL A,2025-06-01 00:00:00-04:00,2025,2,6,14.90999984741211,15.270000457763672,16.049999237060547,14.414999961853027,47042700,237933261,3547584885.2042656,3.5475848852042655,204678000.0,204.678,173536000.0,-1739000.0,-8656000.0,-2375000.0,4.333129214185532,,22.333334,4.2441955,3.3778174,,0.0,4.282300673042139,17.494092517233597,Technology,Software - Application,United States,4400,2025-Q2
FRSH,FRESHWORKS INC-CL A,2025-07-01 00:00:00-04:00,2025,3,7,12.989999771118164,14.890000343322754,15.470000267028809,12.925000190734863,110920700,237933261,3090753005.9313984,3.0907530059313983,,,,,,,,,22.333334,4.2441955,3.3778174,,0.0,4.282300673042139,3.9199981689453045,Technology,Software - Application,United States,4400,2025-Q3
FRSH,FRESHWORKS INC-CL A,2025-08-01 00:00:00-04:00,2025,3,8,13.470000267028809,12.734999656677246,14.0600004196167,12.289999961853027,100706900,237933261,3204961089.205035,3.2049610892050353,,,,,,,,,22.333334,4.2441955,3.3778174,,0.0,0.0,15.325341738731124,Technology,Software - Application,United States,4400,2025-Q3
FRSH,FRESHWORKS INC-CL A,2025-09-01 00:00:00-04:00,2025,3,9,11.770000457763672,13.255000114440918,13.484999656677246,11.710000038146973,81724600,237933261,2800474590.887203,2.800474590887203,,,,,,,,,22.333334,4.2441955,3.3778174,,0.0,0.0,2.5261404798875953,Technology,Software - Application,United States,4400,2025-Q3
FRSH,FRESHWORKS INC-CL A,2025-10-01 00:00:00-04:00,2025,4,10,11.390000343322754,11.65999984741211,11.899999618530273,10.760000228881836,61942237,237933261,2710059924.4779024,2.7100599244779024,,,,,,,,,22.333334,4.2441955,3.3778174,,0.0,0.0,-2.6495681281712202,Technology,Software - Application,United States,4400,2025-Q4
