ticker,company_name,date,year,quarter,month,close_price,open_price,high_price,low_price,volume,shares_outstanding,market_cap,market_cap_billions,revenue,revenue_millions,gross_profit,net_income,operating_income,ebitda,ps_ratio,current_pe,forward_pe,current_ps,current_pb,peg_ratio,revenue_qoq_pct,revenue_yoy_pct,market_cap_yoy_pct,user_subscribers_millions,user_dau_millions,sector,industry,country,employees,year_quarter
FTNT,FORTINET INC,2015-01-01 00:00:00-05:00,2015,1,1,5.980000019073486,6.179999828338623,6.593999862670898,5.714000225067139,216556500,766266033,4582270891.955364,4.582270891955364,,,,,,,,34.08765,35.50207,10.344392,31.79487,,,,,,,Technology,Software - Infrastructure,United States,14898,2015-Q1
FTNT,FORTINET INC,2015-02-01 00:00:00-05:00,2015,1,2,6.7220001220703125,5.947999954223633,6.947999954223633,5.788000106811523,197030500,766266033,5150840367.364334,5.150840367364334,,,,,,,,34.08765,35.50207,10.344392,31.79487,,,,,,,Technology,Software - Infrastructure,United States,14898,2015-Q1
FTNT,FORTINET INC,2015-03-01 00:00:00-05:00,2015,1,3,6.989999771118164,6.716000080108643,7.138000011444092,6.533999919891357,143821500,766266033,5356199395.285624,5.356199395285624,,,,,,,,34.08765,35.50207,10.344392,31.79487,,,,,,,Technology,Software - Infrastructure,United States,14898,2015-Q1
FTNT,FORTINET INC,2015-04-01 00:00:00-04:00,2015,2,4,7.547999858856201,6.99399995803833,7.797999858856201,6.679999828338623,225305500,766266033,5783775908.930302,5.783775908930302,,,,,,,,34.08765,35.50207,10.344392,31.79487,,,,,,,Technology,Software - Infrastructure,United States,14898,2015-Q2
FTNT,FORTINET INC,2015-05-01 00:00:00-04:00,2015,2,5,8.01200008392334,7.630000114440918,8.076000213623047,7.486000061035156,140944000,766266033,6139323520.703605,6.139323520703605,,,,,,,,34.08765,35.50207,10.344392,31.79487,,,,,,,Technology,Software - Infrastructure,United States,14898,2015-Q2
FTNT,FORTINET INC,2015-06-01 00:00:00-04:00,2015,2,6,8.265999794006348,8.050000190734863,8.824000358581543,7.8460001945495605,168675500,766266033,6333954870.932061,6.333954870932061,,,,,,,,34.08765,35.50207,10.344392,31.79487,,,,,,,Technology,Software - Infrastructure,United States,14898,2015-Q2
FTNT,FORTINET INC,2015-07-01 00:00:00-04:00,2015,3,7,9.54800033569336,8.368000030517578,9.718000411987305,7.808000087738037,203919500,766266033,7316308340.314419,7.316308340314419,,,,,,,,34.08765,35.50207,10.344392,31.79487,,,,,,,Technology,Software - Infrastructure,United States,14898,2015-Q3
FTNT,FORTINET INC,2015-08-01 00:00:00-04:00,2015,3,8,8.428000450134277,9.527999877929688,10.062000274658203,7.0,168964000,766266033,6458090471.046607,6.458090471046607,,,,,,,,34.08765,35.50207,10.344392,31.79487,,,,,,,Technology,Software - Infrastructure,United States,14898,2015-Q3
FTNT,FORTINET INC,2015-09-01 00:00:00-04:00,2015,3,9,8.496000289916992,8.204000473022461,9.300000190734863,8.10200023651123,149096500,766266033,6510196438.5215435,6.510196438521543,,,,,,,,34.08765,35.50207,10.344392,31.79487,,,,,,,Technology,Software - Infrastructure,United States,14898,2015-Q3
FTNT,FORTINET INC,2015-10-01 00:00:00-04:00,2015,4,10,6.872000217437744,8.498000144958496,8.932000160217285,6.581999778747559,296515500,766266033,5265780345.391157,5.265780345391157,,,,,,,,34.08765,35.50207,10.344392,31.79487,,,,,,,Technology,Software - Infrastructure,United States,14898,2015-Q4
FTNT,FORTINET INC,2015-11-01 00:00:00-04:00,2015,4,11,7.203999996185303,6.892000198364258,7.452000141143799,6.455999851226807,224893000,766266033,5520180498.808928,5.520180498808927,,,,,,,,34.08765,35.50207,10.344392,31.79487,,,,,,,Technology,Software - Infrastructure,United States,14898,2015-Q4
FTNT,FORTINET INC,2015-12-01 00:00:00-05:00,2015,4,12,6.234000205993652,7.25,7.265999794006348,5.966000080108643,194163000,766266033,4776902607.567939,4.776902607567939,,,,,,,,34.08765,35.50207,10.344392,31.79487,,,,,,,Technology,Software - Infrastructure,United States,14898,2015-Q4
FTNT,FORTINET INC,2016-01-01 00:00:00-05:00,2016,1,1,5.627999782562256,6.107999801635742,6.197999954223633,4.728000164031982,344329500,766266033,4312545067.108843,4.312545067108843,,,,,,,,34.08765,35.50207,10.344392,31.79487,,,,-5.886291561680745,,,Technology,Software - Infrastructure,United States,14898,2016-Q1
FTNT,FORTINET INC,2016-02-01 00:00:00-05:00,2016,1,2,5.679999828338623,5.5960001945495605,5.840000152587891,4.631999969482422,284995000,766266033,4352390935.901718,4.3523909359017185,,,,,,,,34.08765,35.50207,10.344392,31.79487,,,,-15.501342975441101,,,Technology,Software - Infrastructure,United States,14898,2016-Q1
FTNT,FORTINET INC,2016-03-01 00:00:00-05:00,2016,1,3,6.125999927520752,5.75,6.199999809265137,5.415999889373779,215943000,766266033,4694145662.619614,4.694145662619614,,,,,,,,34.08765,35.50207,10.344392,31.79487,,,,-12.360513188674993,,,Technology,Software - Infrastructure,United States,14898,2016-Q1
FTNT,FORTINET INC,2016-04-01 00:00:00-04:00,2016,2,4,6.501999855041504,6.050000190734863,6.868000030517578,5.616000175476074,239886000,766266033,4982261635.489228,4.982261635489229,,,,,,,,34.08765,35.50207,10.344392,31.79487,,,,-13.857975932357858,,,Technology,Software - Infrastructure,United States,14898,2016-Q2
FTNT,FORTINET INC,2016-05-01 00:00:00-04:00,2016,2,5,6.8420000076293945,6.504000186920166,6.927999973297119,6.216000080108643,162618000,766266033,5242792203.632146,5.2427922036321455,,,,,,,,34.08765,35.50207,10.344392,31.79487,,,,-14.603096156247375,,,Technology,Software - Infrastructure,United States,14898,2016-Q2
FTNT,FORTINET INC,2016-06-01 00:00:00-04:00,2016,2,6,6.317999839782715,6.800000190734863,6.986000061035156,5.97599983215332,174357000,766266033,4841268673.7249365,4.841268673724937,,,,,,,,34.08765,35.50207,10.344392,31.79487,,,,-23.56641668000188,,,Technology,Software - Infrastructure,United States,14898,2016-Q2
FTNT,FORTINET INC,2016-07-01 00:00:00-04:00,2016,3,7,6.938000202178955,6.300000190734863,7.461999893188477,6.184000015258789,169322000,766266033,5316353891.876865,5.316353891876865,,,,,,,,34.08765,35.50207,10.344392,31.79487,,,,-27.33556809542017,,,Technology,Software - Infrastructure,United States,14898,2016-Q3
FTNT,FORTINET INC,2016-08-01 00:00:00-04:00,2016,3,8,7.228000164031982,6.961999893188477,7.328000068664551,6.486000061035156,168180500,766266033,5538571012.216137,5.538571012216137,,,,,,,,34.08765,35.50207,10.344392,31.79487,,,,-14.238256075118926,,,Technology,Software - Infrastructure,United States,14898,2016-Q3
FTNT,FORTINET INC,2016-09-01 00:00:00-04:00,2016,3,9,7.386000156402588,7.2220001220703125,7.460000038146973,7.01200008392334,134285000,766266033,5659641039.58399,5.65964103958399,,,,,,,,34.08765,35.50207,10.344392,31.79487,,,,-13.064972877081315,,,Technology,Software - Infrastructure,United States,14898,2016-Q3
FTNT,FORTINET INC,2016-10-01 00:00:00-04:00,2016,4,10,6.4120001792907715,7.380000114440918,7.495999813079834,5.800000190734863,373351000,766266033,4913297940.980429,4.913297940980429,,,,,,,,34.08765,35.50207,10.344392,31.79487,,,,-6.693830378231336,,,Technology,Software - Infrastructure,United States,14898,2016-Q4
FTNT,FORTINET INC,2016-11-01 00:00:00-04:00,2016,4,11,6.019999980926514,6.400000095367432,6.699999809265137,5.920000076293945,247833000,766266033,4612921504.044636,4.612921504044635,,,,,,,,34.08765,35.50207,10.344392,31.79487,,,,-16.435313935115857,,,Technology,Software - Infrastructure,United States,14898,2016-Q4
FTNT,FORTINET INC,2016-12-01 00:00:00-05:00,2016,4,12,6.02400016784668,6.035999774932861,6.188000202178955,5.702000141143799,280764000,766266033,4615986711.407209,4.615986711407209,,,,,,,,34.08765,35.50207,10.344392,31.79487,,,,-3.3686241772188152,,,Technology,Software - Infrastructure,United States,14898,2016-Q4
FTNT,FORTINET INC,2017-01-01 00:00:00-05:00,2017,1,1,6.6519999504089355,6.111999988555908,6.677999973297119,5.980000019073486,240557500,766266033,5097201613.516052,5.097201613516052,,,,,,,,34.08765,35.50207,10.344392,31.79487,,,,18.1947442681045,,,Technology,Software - Infrastructure,United States,14898,2017-Q1
FTNT,FORTINET INC,2017-02-01 00:00:00-05:00,2017,1,2,7.46999979019165,6.6519999504089355,7.665999889373779,6.544000148773193,240618000,766266033,5724007105.740988,5.724007105740988,,,,,,,,34.08765,35.50207,10.344392,31.79487,,,,31.514084787861574,,,Technology,Software - Infrastructure,United States,14898,2017-Q1
FTNT,FORTINET INC,2017-03-01 00:00:00-05:00,2017,1,3,7.670000076293945,7.354000091552734,7.711999893188477,7.165999889373779,185842500,766266033,5877260531.571459,5.877260531571459,,,,,,,,34.08765,35.50207,10.344392,31.79487,,,,25.204051045395047,,,Technology,Software - Infrastructure,United States,14898,2017-Q1
FTNT,FORTINET INC,2017-04-01 00:00:00-04:00,2017,2,4,7.800000190734863,7.710000038146973,8.128000259399414,7.386000156402588,173039000,766266033,5976875203.553647,5.976875203553647,,,,,,,,34.08765,35.50207,10.344392,31.79487,,,,19.963093888519843,,,Technology,Software - Infrastructure,United States,14898,2017-Q2
FTNT,FORTINET INC,2017-05-01 00:00:00-04:00,2017,2,5,7.868000030517578,7.860000133514404,8.265999794006348,7.708000183105469,164404500,766266033,6028981171.028584,6.028981171028583,,,,,,,,34.08765,35.50207,10.344392,31.79487,,,,14.995615634962123,,,Technology,Software - Infrastructure,United States,14898,2017-Q2
FTNT,FORTINET INC,2017-06-01 00:00:00-04:00,2017,2,6,7.48799991607666,7.961999893188477,7.973999977111816,7.1539998054504395,190600500,766266033,5737799990.796395,5.737799990796395,,,,,,,,34.08765,35.50207,10.344392,31.79487,,,,18.518520195691913,,,Technology,Software - Infrastructure,United States,14898,2017-Q2
FTNT,FORTINET INC,2017-07-01 00:00:00-04:00,2017,3,7,7.381999969482422,7.533999919891357,8.312000274658203,7.360000133514404,182841500,766266033,5656575832.221416,5.656575832221416,,,,,,,,34.08765,35.50207,10.344392,31.79487,,,,6.399535231550213,,,Technology,Software - Infrastructure,United States,14898,2017-Q3
FTNT,FORTINET INC,2017-08-01 00:00:00-04:00,2017,3,8,7.639999866485596,7.427999973297119,7.684000015258789,7.173999786376953,130081000,766266033,5854272389.812447,5.854272389812446,,,,,,,,34.08765,35.50207,10.344392,31.79487,,,,5.700051094406544,,,Technology,Software - Infrastructure,United States,14898,2017-Q3
FTNT,FORTINET INC,2017-09-01 00:00:00-04:00,2017,3,9,7.168000221252441,7.682000160217285,7.9019999504089355,7.0879998207092285,132020500,766266033,5492595094.082231,5.492595094082231,,,,,,,,34.08765,35.50207,10.344392,31.79487,,,,-2.951528980962337,,,Technology,Software - Infrastructure,United States,14898,2017-Q3
FTNT,FORTINET INC,2017-10-01 00:00:00-04:00,2017,4,10,7.881999969482422,7.182000160217285,8.112000465393066,7.182000160217285,169662000,766266033,6039708848.721416,6.039708848721417,,,,,,,,34.08765,35.50207,10.344392,31.79487,,,,22.925760278974995,,,Technology,Software - Infrastructure,United States,14898,2017-Q4
FTNT,FORTINET INC,2017-11-01 00:00:00-04:00,2017,4,11,8.411999702453613,7.883999824523926,8.461999893188477,7.624000072479248,166591500,766266033,6445829641.596311,6.445829641596311,,,,,,,,34.08765,35.50207,10.344392,31.79487,,,,39.73421476919932,,,Technology,Software - Infrastructure,United States,14898,2017-Q4
FTNT,FORTINET INC,2017-12-01 00:00:00-05:00,2017,4,12,8.73799991607666,8.395999908447266,9.128000259399414,8.100000381469727,144613500,766266033,6695632532.046395,6.695632532046395,,,,,,,,34.08765,35.50207,10.344392,31.79487,,,,45.0531154151697,,,Technology,Software - Infrastructure,United States,14898,2017-Q4
FTNT,FORTINET INC,2018-01-01 00:00:00-05:00,2018,1,1,9.208000183105469,8.751999855041504,9.28600025177002,8.696000099182129,159257500,766266033,7055777772.171501,7.055777772171501,,,,,,,,34.08765,35.50207,10.344392,31.79487,,,,38.4245377593456,,,Technology,Software - Infrastructure,United States,14898,2018-Q1
FTNT,FORTINET INC,2018-02-01 00:00:00-05:00,2018,1,2,10.093999862670898,9.149999618530273,10.199999809265137,8.734000205993652,211026500,766266033,7734689231.871374,7.734689231871374,,,,,,,,34.08765,35.50207,10.344392,31.79487,,,,35.127177325020085,,,Technology,Software - Infrastructure,United States,14898,2018-Q1
FTNT,FORTINET INC,2018-03-01 00:00:00-05:00,2018,1,3,10.715999603271484,10.144000053405762,11.067999839782715,9.850000381469727,157084000,766266033,8211306505.628414,8.211306505628414,,,,,,,,34.08765,35.50207,10.344392,31.79487,,,,39.71316162553848,,,Technology,Software - Infrastructure,United States,14898,2018-Q1
FTNT,FORTINET INC,2018-04-01 00:00:00-04:00,2018,2,4,11.071999549865723,10.621999740600586,11.595999717712402,10.406000137329102,140314000,766266033,8484097172.453393,8.484097172453392,,,,,,,,34.08765,35.50207,10.344392,31.79487,,,,41.94870870666727,,,Technology,Software - Infrastructure,United States,14898,2018-Q2
FTNT,FORTINET INC,2018-05-01 00:00:00-04:00,2018,2,5,12.236000061035156,11.001999855041504,12.425999641418457,10.680000305175781,190272000,766266033,9376031226.557167,9.376031226557167,,,,,,,,34.08765,35.50207,10.344392,31.79487,,,,55.51601440741529,,,Technology,Software - Infrastructure,United States,14898,2018-Q2
FTNT,FORTINET INC,2018-06-01 00:00:00-04:00,2018,2,6,12.486000061035156,12.312000274658203,13.263999938964844,12.166000366210938,171705500,766266033,9567597734.807167,9.567597734807167,,,,,,,,34.08765,35.50207,10.344392,31.79487,,,,66.74679755575103,,,Technology,Software - Infrastructure,United States,14898,2018-Q2
FTNT,FORTINET INC,2018-07-01 00:00:00-04:00,2018,3,7,12.581999778747559,12.434000015258789,13.765999794006348,12.380000114440918,124919000,766266033,9641159057.66777,9.641159057667771,,,,,,,,34.08765,35.50207,10.344392,31.79487,,,,70.44161244597957,,,Technology,Software - Infrastructure,United States,14898,2018-Q3
FTNT,FORTINET INC,2018-08-01 00:00:00-04:00,2018,3,8,16.75200080871582,12.645999908447266,16.823999404907227,12.618000030517578,170320000,766266033,12836489204.507463,12.836489204507464,,,,,,,,34.08765,35.50207,10.344392,31.79487,,,,119.26703012393838,,,Technology,Software - Infrastructure,United States,14898,2018-Q3
FTNT,FORTINET INC,2018-09-01 00:00:00-04:00,2018,3,9,18.45400047302246,17.020000457763672,18.47599983215332,16.312000274658203,190892500,766266033,14140673735.443045,14.140673735443045,,,,,,,,34.08765,35.50207,10.344392,31.79487,,,,157.44977543817726,,,Technology,Software - Infrastructure,United States,14898,2018-Q3
FTNT,FORTINET INC,2018-10-01 00:00:00-04:00,2018,4,10,16.43600082397461,18.600000381469727,18.874000549316406,15.204000473022461,439329500,766266033,12594349149.771755,12.594349149771755,,,,,,,,34.08765,35.50207,10.344392,31.79487,,,,108.52576614579577,,,Technology,Software - Infrastructure,United States,14898,2018-Q4
FTNT,FORTINET INC,2018-11-01 00:00:00-04:00,2018,4,11,14.767999649047852,16.440000534057617,16.799999237060547,12.930000305175781,250403000,766266033,11316216506.42129,11.31621650642129,,,,,,,,34.08765,35.50207,10.344392,31.79487,,,,75.55872766781387,,,Technology,Software - Infrastructure,United States,14898,2018-Q4
FTNT,FORTINET INC,2018-12-01 00:00:00-05:00,2018,4,12,14.086000442504883,15.246000289916992,15.435999870300293,12.881999969482422,211339000,766266033,10793623679.914461,10.793623679914461,,,,,,,,34.08765,35.50207,10.344392,31.79487,,,,61.20394344006199,,,Technology,Software - Infrastructure,United States,14898,2018-Q4
FTNT,FORTINET INC,2019-01-01 00:00:00-05:00,2019,1,1,15.314000129699707,13.715999603271484,15.513999938964844,13.01200008392334,222984500,766266033,11734598128.746479,11.734598128746478,,,,,,,,34.08765,35.50207,10.344392,31.79487,,,,66.31190079467333,,,Technology,Software - Infrastructure,United States,14898,2019-Q1
FTNT,FORTINET INC,2019-02-01 00:00:00-05:00,2019,1,2,17.357999801635742,15.338000297546387,17.719999313354492,15.272000312805176,188348500,766266033,13300845648.814207,13.300845648814207,,,,,,,,34.08765,35.50207,10.344392,31.79487,,,,71.9635430730308,,,Technology,Software - Infrastructure,United States,14898,2019-Q1
FTNT,FORTINET INC,2019-03-01 00:00:00-05:00,2019,1,3,16.79400062561035,17.48200035095215,17.667999267578125,15.932000160217285,161632500,766266033,12868672237.585962,12.868672237585962,,,,,,,,34.08765,35.50207,10.344392,31.79487,,,,56.718936612159965,,,Technology,Software - Infrastructure,United States,14898,2019-Q1
FTNT,FORTINET INC,2019-04-01 00:00:00-04:00,2019,2,4,18.68400001525879,16.917999267578125,19.392000198364258,16.488000869750977,190913000,766266033,14316914572.264292,14.316914572264292,,,,,,,,34.08765,35.50207,10.344392,31.79487,,,,68.75000699837801,,,Technology,Software - Infrastructure,United States,14898,2019-Q2
FTNT,FORTINET INC,2019-05-01 00:00:00-04:00,2019,2,5,14.496000289916992,18.72800064086914,18.72800064086914,14.447999954223633,196964000,766266033,11107792636.521544,11.107792636521543,,,,,,,,34.08765,35.50207,10.344392,31.79487,,,,18.470090042567723,,,Technology,Software - Infrastructure,United States,14898,2019-Q2
FTNT,FORTINET INC,2019-06-01 00:00:00-04:00,2019,2,6,15.366000175476074,14.46399974822998,15.86400032043457,13.77400016784668,154058000,766266033,11774443997.539356,11.774443997539356,,,,,,,,34.08765,35.50207,10.344392,31.79487,,,,23.065834537583306,,,Technology,Software - Infrastructure,United States,14898,2019-Q2
FTNT,FORTINET INC,2019-07-01 00:00:00-04:00,2019,3,7,16.062000274658203,15.621999740600586,17.729999542236328,15.37600040435791,151837000,766266033,12307765232.507252,12.307765232507252,,,,,,,,34.08765,35.50207,10.344392,31.79487,,,,27.65856427520181,,,Technology,Software - Infrastructure,United States,14898,2019-Q3
FTNT,FORTINET INC,2019-08-01 00:00:00-04:00,2019,3,8,15.836000442504883,16.08799934387207,18.558000564575195,15.42199993133545,190541500,766266033,12134589237.664461,12.13458923766446,,,,,,,,34.08765,35.50207,10.344392,31.79487,,,,-5.46800574254005,,,Technology,Software - Infrastructure,United States,14898,2019-Q3
FTNT,FORTINET INC,2019-09-01 00:00:00-04:00,2019,3,9,15.35200023651123,15.70199966430664,16.281999588012695,15.112000465393066,119267000,766266033,11763716319.846523,11.763716319846523,,,,,,,,34.08765,35.50207,10.344392,31.79487,,,,-16.809364674320793,,,Technology,Software - Infrastructure,United States,14898,2019-Q3
FTNT,FORTINET INC,2019-10-01 00:00:00-04:00,2019,4,10,16.312000274658203,15.515999794006348,16.694000244140625,14.90999984741211,128483000,766266033,12499331740.757252,12.499331740757253,,,,,,,,34.08765,35.50207,10.344392,31.79487,,,,-0.7544447742758198,,,Technology,Software - Infrastructure,United States,14898,2019-Q4
FTNT,FORTINET INC,2019-11-01 00:00:00-04:00,2019,4,11,21.02199935913086,17.73200035095215,21.200000762939453,17.450000762939453,170180500,766266033,16108444054.649746,16.108444054649745,,,,,,,,34.08765,35.50207,10.344392,31.79487,,,,42.348319736628824,,,Technology,Software - Infrastructure,United States,14898,2019-Q4
FTNT,FORTINET INC,2019-12-01 00:00:00-05:00,2019,4,12,21.351999282836914,21.04400062561035,22.055999755859375,19.95599937438965,112939500,766266033,16361311787.078287,16.361311787078286,,,,,,,,34.08765,35.50207,10.344392,31.79487,,,,51.5831223347593,,,Technology,Software - Infrastructure,United States,14898,2019-Q4
FTNT,FORTINET INC,2020-01-01 00:00:00-05:00,2020,1,1,23.07200050354004,21.520000457763672,24.08799934387207,21.47599983215332,117975000,766266033,17679290299.221626,17.679290299221627,,,,,,,,34.08765,35.50207,10.344392,31.79487,,,,50.6595292420992,,,Technology,Software - Infrastructure,United States,14898,2020-Q1
FTNT,FORTINET INC,2020-02-01 00:00:00-05:00,2020,1,2,20.41200065612793,23.170000076293945,24.36400032043457,19.618000030517578,156654500,766266033,15641022768.364546,15.641022768364547,,,,,,,,34.08765,35.50207,10.344392,31.79487,,,,17.594198003184623,,,Technology,Software - Infrastructure,United States,14898,2020-Q1
FTNT,FORTINET INC,2020-03-01 00:00:00-05:00,2020,1,3,20.233999252319336,20.724000930786133,22.09600067138672,14.039999961853027,341949500,766266033,15504626338.799704,15.504626338799703,,,,,,,,34.08765,35.50207,10.344392,31.79487,,,,20.48349707372934,,,Technology,Software - Infrastructure,United States,14898,2020-Q1
FTNT,FORTINET INC,2020-04-01 00:00:00-04:00,2020,2,4,21.54800033569336,19.38800048828125,22.996000289916992,19.20199966430664,215025000,766266033,16511500736.314419,16.511500736314417,,,,,,,,34.08765,35.50207,10.344392,31.79487,,,,15.328625123611683,,,Technology,Software - Infrastructure,United States,14898,2020-Q2
FTNT,FORTINET INC,2020-05-01 00:00:00-04:00,2020,2,5,27.84000015258789,21.128000259399414,29.937999725341797,20.75200080871582,195625000,766266033,21332846475.642918,21.332846475642917,,,,,,,,34.08765,35.50207,10.344392,31.79487,,,,92.05297734405129,,,Technology,Software - Infrastructure,United States,14898,2020-Q2
FTNT,FORTINET INC,2020-06-01 00:00:00-04:00,2020,2,6,27.45400047302246,27.961999893188477,29.326000213623047,25.375999450683594,170715500,766266033,21037068032.443047,21.037068032443045,,,,,,,,34.08765,35.50207,10.344392,31.79487,,,,78.66718833466284,,,Technology,Software - Infrastructure,United States,14898,2020-Q2
FTNT,FORTINET INC,2020-07-01 00:00:00-04:00,2020,3,7,27.65999984741211,27.45400047302246,30.389999389648438,24.847999572753906,171925000,766266033,21194918355.857082,21.194918355857084,,,,,,,,34.08765,35.50207,10.344392,31.79487,,,,72.20769128644974,,,Technology,Software - Infrastructure,United States,14898,2020-Q3
FTNT,FORTINET INC,2020-08-01 00:00:00-04:00,2020,3,8,26.402000427246094,28.0,28.277999877929688,24.61199951171875,148152500,766266033,20230956130.65017,20.23095613065017,,,,,,,,34.08765,35.50207,10.344392,31.79487,,,,66.72139233073877,,,Technology,Software - Infrastructure,United States,14898,2020-Q3
FTNT,FORTINET INC,2020-09-01 00:00:00-04:00,2020,3,9,23.562000274658203,26.54800033569336,26.8799991607666,22.52199935913086,133225000,766266033,18054760480.00725,18.054760480007253,,,,,,,,34.08765,35.50207,10.344392,31.79487,,,,53.478373577804916,,,Technology,Software - Infrastructure,United States,14898,2020-Q3
FTNT,FORTINET INC,2020-10-01 00:00:00-04:00,2020,4,10,22.073999404907227,23.72800064086914,26.988000869750977,21.350000381469727,148580000,766266033,16914555956.442621,16.914555956442623,,,,,,,,34.08765,35.50207,10.344392,31.79487,,,,35.323682155650026,,,Technology,Software - Infrastructure,United States,14898,2020-Q4
FTNT,FORTINET INC,2020-11-01 00:00:00-04:00,2020,4,11,24.645999908447266,22.195999145507812,24.82200050354004,21.854000091552734,114657000,766266033,18885392579.16425,18.88539257916425,,,,,,,,34.08765,35.50207,10.344392,31.79487,,,,17.239086004168904,,,Technology,Software - Infrastructure,United States,14898,2020-Q4
FTNT,FORTINET INC,2020-12-01 00:00:00-05:00,2020,4,12,29.70599937438965,24.86199951171875,30.666000366210938,24.073999404907227,113164500,766266033,22762698296.91404,22.76269829691404,,,,,,,,34.08765,35.50207,10.344392,31.79487,,,,39.1251422449598,,,Technology,Software - Infrastructure,United States,14898,2020-Q4
FTNT,FORTINET INC,2021-01-01 00:00:00-05:00,2021,1,1,28.950000762939453,29.913999557495117,31.062000274658203,27.461999893188477,97133500,766266033,22183402239.96459,22.18340223996459,,,,,,,,34.08765,35.50207,10.344392,31.79487,,,,25.476768945534346,,,Technology,Software - Infrastructure,United States,14898,2021-Q1
FTNT,FORTINET INC,2021-02-01 00:00:00-05:00,2021,1,2,33.77000045776367,29.275999069213867,34.481998443603516,29.106000900268555,127134500,766266033,25876804285.178753,25.876804285178753,,,,,,,,34.08765,35.50207,10.344392,31.79487,,,,65.44189384799725,,,Technology,Software - Infrastructure,United States,14898,2021-Q1
FTNT,FORTINET INC,2021-03-01 00:00:00-05:00,2021,1,3,36.88399887084961,34.301998138427734,38.768001556396484,32.22600173950195,173611500,766266033,28262955495.94241,28.26295549594241,,,,,,,,34.08765,35.50207,10.344392,31.79487,,,,82.28724045555036,,,Technology,Software - Infrastructure,United States,14898,2021-Q1
FTNT,FORTINET INC,2021-04-01 00:00:00-04:00,2021,2,4,40.84600067138672,37.354000091552734,41.87799835205078,37.09400177001953,109092000,766266033,31298902898.378838,31.298902898378838,,,,,,,,34.08765,35.50207,10.344392,31.79487,,,,89.55819581888085,,,Technology,Software - Infrastructure,United States,14898,2021-Q2
FTNT,FORTINET INC,2021-05-01 00:00:00-04:00,2021,2,5,43.70800018310547,41.0620002746582,44.20000076293945,39.19200134277344,103612000,766266033,33491955910.6715,33.4919559106715,,,,,,,,34.08765,35.50207,10.344392,31.79487,,,,56.99712623400455,,,Technology,Software - Infrastructure,United States,14898,2021-Q2
FTNT,FORTINET INC,2021-06-01 00:00:00-04:00,2021,2,6,47.63800048828125,44.02399826049805,49.465999603271484,42.33399963378906,90200000,766266033,36503381654.20734,36.50338165420734,,,,,,,,34.08765,35.50207,10.344392,31.79487,,,,73.51934023273765,,,Technology,Software - Infrastructure,United States,14898,2021-Q2
FTNT,FORTINET INC,2021-07-01 00:00:00-04:00,2021,3,7,54.448001861572266,47.571998596191406,55.400001525878906,47.27199935913086,96000000,766266033,41721654391.24359,41.72165439124359,,,,,,,,34.08765,35.50207,10.344392,31.79487,,,,96.84744093252935,,,Technology,Software - Infrastructure,United States,14898,2021-Q3
FTNT,FORTINET INC,2021-08-01 00:00:00-04:00,2021,3,8,63.02799987792969,54.854000091552734,64.37999725341797,54.02799987792969,106993500,766266033,48296215434.385666,48.296215434385665,,,,,,,,34.08765,35.50207,10.344392,31.79487,,,,138.7243347397519,,,Technology,Software - Infrastructure,United States,14898,2021-Q3
FTNT,FORTINET INC,2021-09-01 00:00:00-04:00,2021,3,9,58.40800094604492,63.507999420166016,64.4000015258789,56.827999114990234,106036000,766266033,44756067180.38609,44.75606718038609,,,,,,,,34.08765,35.50207,10.344392,31.79487,,,,147.89067254559401,,,Technology,Software - Infrastructure,United States,14898,2021-Q3
FTNT,FORTINET INC,2021-10-01 00:00:00-04:00,2021,4,10,67.26799774169922,58.23400115966797,69.05000305175781,56.95399856567383,82893500,766266033,51545181777.38482,51.54518177738482,,,,,,,,34.08765,35.50207,10.344392,31.79487,,,,204.7386044902448,,,Technology,Software - Infrastructure,United States,14898,2021-Q4
FTNT,FORTINET INC,2021-11-01 00:00:00-04:00,2021,4,11,66.4219970703125,67.26799774169922,71.06999969482422,63.65399932861328,99441000,766266033,50896920199.00598,50.89692019900598,,,,,,,,34.08765,35.50207,10.344392,31.79487,,,,169.50416829120724,,,Technology,Software - Infrastructure,United States,14898,2021-Q4
FTNT,FORTINET INC,2021-12-01 00:00:00-05:00,2021,4,12,71.87999725341797,67.5199966430664,74.35399627685547,57.847999572753906,182841000,766266033,55079200347.42748,55.07920034742748,,,,,,,,34.08765,35.50207,10.344392,31.79487,,,,141.9713147755186,,,Technology,Software - Infrastructure,United States,14898,2021-Q4
FTNT,FORTINET INC,2022-01-01 00:00:00-05:00,2022,1,1,59.448001861572266,72.42400360107422,72.42400360107422,52.56800079345703,176511000,766266033,45552984556.24359,45.552984556243594,,,,,,,,34.08765,35.50207,10.344392,31.79487,,,,105.3471512777127,,,Technology,Software - Infrastructure,United States,14898,2022-Q1
FTNT,FORTINET INC,2022-02-01 00:00:00-05:00,2022,1,2,68.90399932861328,59.56800079345703,69.08999633789062,55.1879997253418,133420000,766266033,52798794223.37116,52.79879422337116,,,,,,,,34.08765,35.50207,10.344392,31.79487,,,,104.0390831939487,,,Technology,Software - Infrastructure,United States,14898,2022-Q1
FTNT,FORTINET INC,2022-03-01 00:00:00-05:00,2022,1,3,68.3479995727539,69.20999908447266,70.59600067138672,53.05400085449219,168491000,766266033,52372750496.09983,52.37275049609983,,,,,,,,34.08765,35.50207,10.344392,31.79487,,,,85.30528593734212,,,Technology,Software - Infrastructure,United States,14898,2022-Q1
FTNT,FORTINET INC,2022-04-01 00:00:00-04:00,2022,2,4,57.801998138427734,68.2020034790039,71.51599884033203,57.52799987792969,93489000,766266033,44291707813.00641,44.29170781300641,,,,,,,,34.08765,35.50207,10.344392,31.79487,,,,41.51201387733161,,,Technology,Software - Infrastructure,United States,14898,2022-Q2
FTNT,FORTINET INC,2022-05-01 00:00:00-04:00,2022,2,5,58.827999114990234,57.71200180053711,61.91999816894531,48.72600173950195,196086000,766266033,45077897511.17108,45.07789751117108,,,,,,,,34.08765,35.50207,10.344392,31.79487,,,,34.59320689242866,,,Technology,Software - Infrastructure,United States,14898,2022-Q2
FTNT,FORTINET INC,2022-06-01 00:00:00-04:00,2022,2,6,56.58000183105469,59.25199890136719,62.40599822998047,52.33599853515625,112099300,766266033,43355333550.21501,43.355333550215015,,,,,,,,34.08765,35.50207,10.344392,31.79487,,,,18.770731876064218,,,Technology,Software - Infrastructure,United States,14898,2022-Q2
FTNT,FORTINET INC,2022-07-01 00:00:00-04:00,2022,3,7,59.650001525878906,56.400001525878906,63.560001373291016,55.209999084472656,87870700,766266033,45707770037.67918,45.707770037679175,,,,,,,,34.08765,35.50207,10.344392,31.79487,,,,9.554068995097609,,,Technology,Software - Infrastructure,United States,14898,2022-Q3
FTNT,FORTINET INC,2022-08-01 00:00:00-04:00,2022,3,8,48.689998626708984,59.029998779296875,63.15999984741211,48.310001373291016,139620600,766266033,37309492094.463745,37.30949209446374,,,,,,,,34.08765,35.50207,10.344392,31.79487,,,,-22.748621690343995,,,Technology,Software - Infrastructure,United States,14898,2022-Q3
FTNT,FORTINET INC,2022-09-01 00:00:00-04:00,2022,3,9,49.130001068115234,48.040000915527344,55.939998626708984,47.369998931884766,110369300,766266033,37646651019.75043,37.64665101975043,,,,,,,,34.08765,35.50207,10.344392,31.79487,,,,-15.884809833673897,,,Technology,Software - Infrastructure,United States,14898,2022-Q3
FTNT,FORTINET INC,2022-10-01 00:00:00-04:00,2022,4,10,57.15999984741211,49.58000183105469,57.34000015258789,45.7400016784668,106849500,766266033,43799766329.357086,43.799766329357084,,,,,,,,34.08765,35.50207,10.344392,31.79487,,,,-15.026458693033451,,,Technology,Software - Infrastructure,United States,14898,2022-Q4
FTNT,FORTINET INC,2022-11-01 00:00:00-04:00,2022,4,11,53.15999984741211,57.86000061035156,58.290000915527344,42.61000061035156,134079800,766266033,40734702197.357086,40.73470219735709,,,,,,,,34.08765,35.50207,10.344392,31.79487,,,,-19.96627293344041,,,Technology,Software - Infrastructure,United States,14898,2022-Q4
FTNT,FORTINET INC,2022-12-01 00:00:00-05:00,2022,4,12,48.88999938964844,53.630001068115234,56.709999084472656,47.040000915527344,93352100,766266033,37462745885.67833,37.46274588567833,,,,,,,,34.08765,35.50207,10.344392,31.79487,,,,-31.983860242393558,,,Technology,Software - Infrastructure,United States,14898,2022-Q4
FTNT,FORTINET INC,2023-01-01 00:00:00-05:00,2023,1,1,52.34000015258789,49.529998779296875,54.56999969482422,45.880001068115234,105936200,766266033,40106364284.142914,40.10636428414291,,,,,,,,34.08765,35.50207,10.344392,31.79487,,,,-11.95667051272089,,,Technology,Software - Infrastructure,United States,14898,2023-Q1
FTNT,FORTINET INC,2023-02-01 00:00:00-05:00,2023,1,2,59.439998626708984,52.150001525878906,63.02000045776367,51.41999816894531,118195200,766266033,45546851949.213745,45.546851949213746,,,,,,,,34.08765,35.50207,10.344392,31.79487,,,,-13.735052818587622,,,Technology,Software - Infrastructure,United States,14898,2023-Q1
FTNT,FORTINET INC,2023-03-01 00:00:00-05:00,2023,1,3,66.45999908447266,59.540000915527344,66.56999969482422,57.630001068115234,98941100,766266033,50926039851.642494,50.92603985164249,,,,,,,,34.08765,35.50207,10.344392,31.79487,,,,-2.762334669753641,,,Technology,Software - Infrastructure,United States,14898,2023-Q1
FTNT,FORTINET INC,2023-04-01 00:00:00-04:00,2023,2,4,63.04999923706055,65.81999969482422,69.06999969482422,61.72999954223633,72386000,766266033,48313072796.035416,48.313072796035414,,,,,,,,34.08765,35.50207,10.344392,31.79487,,,,9.079272806563843,,,Technology,Software - Infrastructure,United States,14898,2023-Q2
FTNT,FORTINET INC,2023-05-01 00:00:00-04:00,2023,2,5,68.33000183105469,62.29999923706055,71.29000091552734,60.33000183105469,118581200,766266033,52358959437.96501,52.35895943796501,,,,,,,,34.08765,35.50207,10.344392,31.79487,,,,16.15217729484735,,,Technology,Software - Infrastructure,United States,14898,2023-Q2
FTNT,FORTINET INC,2023-06-01 00:00:00-04:00,2023,2,6,75.58999633789062,67.63999938964844,76.2699966430664,66.83999633789062,122890700,766266033,57922046628.31998,57.922046628319976,,,,,,,,34.08765,35.50207,10.344392,31.79487,,,,33.598433884111415,,,Technology,Software - Infrastructure,United States,14898,2023-Q2
FTNT,FORTINET INC,2023-07-01 00:00:00-04:00,2023,3,7,77.72000122070312,75.30000305175781,81.23999786376953,72.44999694824219,95088900,766266033,59554197020.14334,59.55419702014334,,,,,,,,34.08765,35.50207,10.344392,31.79487,,,,30.293376752026766,,,Technology,Software - Infrastructure,United States,14898,2023-Q3
FTNT,FORTINET INC,2023-08-01 00:00:00-04:00,2023,3,8,60.209999084472656,77.63999938964844,78.58000183105469,56.099998474121094,185231600,766266033,46136877145.392494,46.136877145392496,,,,,,,,34.08765,35.50207,10.344392,31.79487,,,,23.659890701751518,,,Technology,Software - Infrastructure,United States,14898,2023-Q3
FTNT,FORTINET INC,2023-09-01 00:00:00-04:00,2023,3,9,58.68000030517578,60.5,65.68000030517578,57.189998626708984,93441500,766266033,44964491050.285835,44.96449105028584,,,,,,,,34.08765,35.50207,10.344392,31.79487,,,,19.4382231415386,,,Technology,Software - Infrastructure,United States,14898,2023-Q3
FTNT,FORTINET INC,2023-10-01 00:00:00-04:00,2023,4,10,57.16999816894531,58.790000915527344,60.599998474121094,55.459999084472656,129840900,766266033,43807427703.53499,43.80742770353499,,,,,,,,34.08765,35.50207,10.344392,31.79487,,,,0.01749181518524434,,,Technology,Software - Infrastructure,United States,14898,2023-Q4
FTNT,FORTINET INC,2023-11-01 00:00:00-04:00,2023,4,11,52.560001373291016,57.43000030517578,58.189998626708984,44.119998931884766,203668000,766266033,40274943746.786255,40.274943746786256,,,,,,,,34.08765,35.50207,10.344392,31.79487,,,,-1.128665304445653,,,Technology,Software - Infrastructure,United States,14898,2023-Q4
FTNT,FORTINET INC,2023-12-01 00:00:00-05:00,2023,4,12,58.529998779296875,52.04999923706055,59.869998931884766,50.650001525878906,121014400,766266033,44849549976.10666,44.84954997610666,,,,,,,,34.08765,35.50207,10.344392,31.79487,,,,19.717732685612454,,,Technology,Software - Infrastructure,United States,14898,2023-Q4
FTNT,FORTINET INC,2024-01-01 00:00:00-05:00,2024,1,1,64.48999786376953,58.099998474121094,67.36000061035156,56.939998626708984,136297000,766266033,49416494831.24915,49.41649483124915,,,,,,,,34.08765,35.50207,10.344392,31.79487,,,,23.2135989219727,992.3,2.0,Technology,Software - Infrastructure,United States,14898,2024-Q1
FTNT,FORTINET INC,2024-02-01 00:00:00-05:00,2024,1,2,69.11000061035156,64.70999908447266,73.91000366210938,61.0,149686500,766266033,52956646008.32167,52.95664600832167,,,,,,,,34.08765,35.50207,10.344392,31.79487,,,,16.268509769610628,992.3,2.0,Technology,Software - Infrastructure,United States,14898,2024-Q1
FTNT,FORTINET INC,2024-03-01 00:00:00-05:00,2024,1,3,68.30999755859375,69.08999633789062,73.5,66.19000244140625,94461200,766266033,52343630843.46332,52.343630843463316,,,,,,,,34.08765,35.50207,10.344392,31.79487,,,,2.783626993087518,992.3,2.0,Technology,Software - Infrastructure,United States,14898,2024-Q1
FTNT,FORTINET INC,2024-04-01 00:00:00-04:00,2024,2,4,63.18000030517578,68.7300033569336,73.62999725341797,62.61000061035156,96688200,766266033,48412688198.785835,48.41268819878584,1434300000.0,1434.3,1159300000.0,379800000.0,437200000.0,502500000.0,8.438382520878797,34.08765,35.50207,10.344392,31.79487,,,,0.20618726358179185,,,Technology,Software - Infrastructure,United States,14898,2024-Q2
FTNT,FORTINET INC,2024-05-01 00:00:00-04:00,2024,2,5,59.31999969482422,63.5099983215332,65.26000213623047,57.709999084472656,152402800,766266033,45454900843.714165,45.454900843714164,1434300000.0,1434.3,1159300000.0,379800000.0,437200000.0,502500000.0,7.922837070995287,34.08765,35.50207,10.344392,31.79487,,0.0,,-13.186011846608192,,,Technology,Software - Infrastructure,United States,14898,2024-Q2
FTNT,FORTINET INC,2024-06-01 00:00:00-04:00,2024,2,6,60.27000045776367,59.61000061035156,61.47999954223633,57.0,103981600,766266033,46182854159.67876,46.182854159678755,1434300000.0,1434.3,1159300000.0,379800000.0,437200000.0,502500000.0,8.049720100341414,34.08765,35.50207,10.344392,31.79487,,0.0,,-20.26722664682492,,,Technology,Software - Infrastructure,United States,14898,2024-Q2
FTNT,FORTINET INC,2024-07-01 00:00:00-04:00,2024,3,7,58.040000915527344,60.43000030517578,61.47999954223633,56.41999816894531,104020100,766266033,44474081256.857506,44.4740812568575,1508100000.0,1508.1,1244700000.0,539900000.0,470900000.0,661200000.0,7.372535186137774,34.08765,35.50207,10.344392,31.79487,,5.14536707801716,,-25.321667519394488,,,Technology,Software - Infrastructure,United States,14898,2024-Q3
FTNT,FORTINET INC,2024-08-01 00:00:00-04:00,2024,3,8,76.70999908447266,58.029998779296875,77.18000030517578,54.56999969482422,132981200,766266033,58780266689.892494,58.78026668989249,1508100000.0,1508.1,1244700000.0,539900000.0,470900000.0,661200000.0,9.74409301271343,34.08765,35.50207,10.344392,31.79487,,0.0,5.14536707801716,27.404086116744566,,,Technology,Software - Infrastructure,United States,14898,2024-Q3
FTNT,FORTINET INC,2024-09-01 00:00:00-04:00,2024,3,9,77.55000305175781,76.62000274658203,78.18000030517578,73.29000091552734,93661800,766266033,59423933197.60835,59.42393319760835,1508100000.0,1508.1,1244700000.0,539900000.0,470900000.0,661200000.0,9.850794575560034,34.08765,35.50207,10.344392,31.79487,,0.0,5.14536707801716,32.157468726048435,,,Technology,Software - Infrastructure,United States,14898,2024-Q3
FTNT,FORTINET INC,2024-10-01 00:00:00-04:00,2024,4,10,78.66000366210938,78.20999908447266,83.7699966430664,76.0,83117400,766266033,60274488961.93002,60.274488961930025,1660100000.0,1660.1,1345600000.0,526200000.0,574100000.0,658500000.0,9.076936473997051,34.08765,35.50207,10.344392,31.79487,,10.078907234268275,15.742871086941367,37.58965573106736,,,Technology,Software - Infrastructure,United States,14898,2024-Q4
FTNT,FORTINET INC,2024-11-01 00:00:00-04:00,2024,4,11,95.05000305175781,78.18000030517578,100.58999633789062,77.72000122070312,120499200,766266033,72833588775.10835,72.83358877510835,1660100000.0,1660.1,1345600000.0,526200000.0,574100000.0,658500000.0,10.968253234008245,34.08765,35.50207,10.344392,31.79487,,0.0,10.078907234268275,80.8409447646221,,,Technology,Software - Infrastructure,United States,14898,2024-Q4
FTNT,FORTINET INC,2024-12-01 00:00:00-05:00,2024,4,12,94.4800033569336,95.36000061035156,100.4000015258789,92.83000183105469,82966500,766266033,72396817370.1442,72.39681737014419,1660100000.0,1660.1,1345600000.0,526200000.0,574100000.0,658500000.0,10.902478370300614,34.08765,35.50207,10.344392,31.79487,,0.0,10.078907234268275,61.421502353341765,,,Technology,Software - Infrastructure,United States,14898,2024-Q4
FTNT,FORTINET INC,2025-01-01 00:00:00-05:00,2025,1,1,100.87999725341797,95.36000061035156,102.87000274658203,90.80000305175781,81595200,766266033,77300915304.42749,77.30091530442749,1539700000.0,1539.7,1246600000.0,433400000.0,453800000.0,560000000.0,12.551294944539114,34.08765,35.50207,10.344392,31.79487,,-7.252575146075535,2.0953517671241872,56.42735400072381,994.3,,Technology,Software - Infrastructure,United States,14898,2025-Q1
FTNT,FORTINET INC,2025-02-01 00:00:00-05:00,2025,1,2,108.01000213623047,98.87000274658203,114.81999969482422,98.12000274658203,100382800,766266033,82764395861.25085,82.76439586125086,1539700000.0,1539.7,1246600000.0,433400000.0,453800000.0,560000000.0,13.438396418336502,34.08765,35.50207,10.344392,31.79487,,0.0,-7.252575146075535,56.28708028118918,994.3,,Technology,Software - Infrastructure,United States,14898,2025-Q1
FTNT,FORTINET INC,2025-03-01 00:00:00-05:00,2025,1,3,96.26000213623047,108.81999969482422,110.66999816894531,93.26000213623047,96703600,766266033,73760769973.50085,73.76076997350086,1539700000.0,1539.7,1246600000.0,433400000.0,453800000.0,560000000.0,11.976484051032807,34.08765,35.50207,10.344392,31.79487,,0.0,-7.252575146075535,40.91641864525359,994.3,,Technology,Software - Infrastructure,United States,14898,2025-Q1
FTNT,FORTINET INC,2025-04-01 00:00:00-04:00,2025,2,4,103.76000213623047,95.22000122070312,104.54000091552734,81.69999694824219,117166500,766266033,79507765221.00085,79.50776522100085,1630000000.0,1630.0,1315100000.0,440100000.0,458000000.0,560200000.0,12.194442518558413,34.08765,35.50207,10.344392,31.79487,,5.8647788530233225,-1.8131437865188893,64.22918903932062,,,Technology,Software - Infrastructure,United States,14898,2025-Q2
FTNT,FORTINET INC,2025-05-01 00:00:00-04:00,2025,2,5,101.77999877929688,104.87999725341797,109.33000183105469,93.25,121349400,766266033,77990555903.35666,77.99055590335666,1630000000.0,1630.0,1315100000.0,440100000.0,458000000.0,560200000.0,11.961741702968812,34.08765,35.50207,10.344392,31.79487,,0.0,5.8647788530233225,71.57788149512983,,,Technology,Software - Infrastructure,United States,14898,2025-Q2
FTNT,FORTINET INC,2025-06-01 00:00:00-04:00,2025,2,6,105.72000122070312,101.0999984741211,105.95999908447266,98.5999984741211,79747000,766266033,81009645944.14334,81.00964594414334,1630000000.0,1630.0,1315100000.0,440100000.0,458000000.0,560200000.0,12.424792322721371,34.08765,35.50207,10.344392,31.79487,,0.0,5.8647788530233225,75.41065275881347,,,Technology,Software - Infrastructure,United States,14898,2025-Q2
FTNT,FORTINET INC,2025-07-01 00:00:00-04:00,2025,3,7,99.9000015258789,105.36000061035156,108.7699966430664,98.69999694824219,86782200,766266033,76549977865.92917,76.54997786592916,,,,,,,,34.08765,35.50207,10.344392,31.79487,,0.0,5.8647788530233225,72.12267393185519,,,Technology,Software - Infrastructure,United States,14898,2025-Q3
FTNT,FORTINET INC,2025-08-01 00:00:00-04:00,2025,3,8,78.7699966430664,99.37999725341797,99.4000015258789,70.12000274658203,237217300,766266033,60358772847.10581,60.35877284710581,,,,,,,,34.08765,35.50207,10.344392,31.79487,,0.0,0.0,2.685435514508727,,,Technology,Software - Infrastructure,United States,14898,2025-Q3
FTNT,FORTINET INC,2025-09-01 00:00:00-04:00,2025,3,9,84.08000183105469,75.23999786376953,86.20999908447266,75.0,136831700,766266033,64427649457.71501,64.427649457715,,,,,,,,34.08765,35.50207,10.344392,31.79487,,0.0,0.0,8.420372046843983,,,Technology,Software - Infrastructure,United States,14898,2025-Q3
FTNT,FORTINET INC,2025-10-01 00:00:00-04:00,2025,4,10,85.55999755859375,83.91999816894531,87.23999786376953,81.0999984741211,79238158,766266033,65561719912.71332,65.56171991271331,,,,,,,,34.08765,35.50207,10.344392,31.79487,,0.0,0.0,8.771921656810333,,,Technology,Software - Infrastructure,United States,14898,2025-Q4
