ticker,company_name,date,year,quarter,month,close_price,open_price,high_price,low_price,volume,shares_outstanding,market_cap,market_cap_billions,revenue,revenue_millions,gross_profit,net_income,operating_income,ebitda,ps_ratio,current_pe,forward_pe,current_ps,current_pb,peg_ratio,revenue_qoq_pct,revenue_yoy_pct,market_cap_yoy_pct,sector,industry,country,employees,year_quarter
GOOGL,ALPHABET INC-CL A,2015-01-01 00:00:00-05:00,2015,1,1,26.69339370727539,26.44758768107973,27.08370136797332,24.377366828313438,1056926000,5817000000,155275471195.22095,155.27547119522094,,,,,,,,26.106724,27.301338,7.977931,8.158623,,,,,Communication Services,Internet Content & Information,United States,187103,2015-Q1
GOOGL,ALPHABET INC-CL A,2015-02-01 00:00:00-05:00,2015,1,2,27.93880271911621,26.532998094022936,28.27597760767765,25.907314354687596,808386000,5817000000,162520015417.099,162.520015417099,,,,,,,,26.106724,27.301338,7.977931,8.158623,,,,,Communication Services,Internet Content & Information,United States,187103,2015-Q1
GOOGL,ALPHABET INC-CL A,2015-03-01 00:00:00-05:00,2015,1,3,27.54502296447754,28.15581014478413,28.960261321982596,27.328019497088924,864144000,5817000000,160229398584.36584,160.22939858436584,,,,,,,,26.106724,27.301338,7.977931,8.158623,,,,,Communication Services,Internet Content & Information,United States,187103,2015-Q1
GOOGL,ALPHABET INC-CL A,2015-04-01 00:00:00-04:00,2015,2,4,27.250551223754883,27.551477128620647,29.034746710212044,26.26882355408397,874900000,5817000000,158516456468.58215,158.51645646858216,,,,,,,,26.106724,27.301338,7.977931,8.158623,,,,,Communication Services,Internet Content & Information,United States,187103,2015-Q2
GOOGL,ALPHABET INC-CL A,2015-05-01 00:00:00-04:00,2015,2,5,27.07923126220703,27.33695231794649,27.720806133347462,26.429709871876682,648434000,5817000000,157519888252.2583,157.5198882522583,,,,,,,,26.106724,27.301338,7.977931,8.158623,,,,,Communication Services,Internet Content & Information,United States,187103,2015-Q2
GOOGL,ALPHABET INC-CL A,2015-06-01 00:00:00-04:00,2015,2,6,26.817039489746094,27.248562945526793,28.086781483735265,26.75794542282628,704328000,5817000000,155994718711.85303,155.99471871185304,,,,,,,,26.106724,27.301338,7.977931,8.158623,,,,,Communication Services,Internet Content & Information,United States,187103,2015-Q2
GOOGL,ALPHABET INC-CL A,2015-07-01 00:00:00-04:00,2015,3,7,32.649810791015625,26.996800765489006,35.42218949253044,26.803136791639073,1370858000,5817000000,189923949371.3379,189.9239493713379,,,,,,,,26.106724,27.301338,7.977931,8.158623,,,,,Communication Services,Internet Content & Information,United States,187103,2015-Q3
GOOGL,ALPHABET INC-CL A,2015-08-01 00:00:00-04:00,2015,3,8,32.169124603271484,32.65775504148612,34.958885218701184,29.45136949362746,1106942000,5817000000,187127797817.23022,187.12779781723023,,,,,,,,26.106724,27.301338,7.977931,8.158623,,,,,Communication Services,Internet Content & Information,United States,187103,2015-Q3
GOOGL,ALPHABET INC-CL A,2015-09-01 00:00:00-04:00,2015,3,9,31.69986343383789,31.473424566894785,33.86592173849665,30.680394124587494,871504000,5817000000,184398105594.635,184.398105594635,,,,,,,,26.106724,27.301338,7.977931,8.158623,,,,,Communication Services,Internet Content & Information,United States,187103,2015-Q3
GOOGL,ALPHABET INC-CL A,2015-10-01 00:00:00-04:00,2015,4,10,36.6169548034668,31.67851500657846,37.367280655549166,31.339851142688058,1005286000,5817000000,213000826091.76636,213.00082609176636,,,,,,,,26.106724,27.301338,7.977931,8.158623,,,,,Communication Services,Internet Content & Information,United States,187103,2015-Q4
GOOGL,ALPHABET INC-CL A,2015-11-01 00:00:00-04:00,2015,4,11,37.881229400634766,36.47492849930933,38.87686100918503,36.321980262562676,751482000,5817000000,220355111423.49243,220.35511142349245,,,,,,,,26.106724,27.301338,7.977931,8.158623,,,,,Communication Services,Internet Content & Information,United States,187103,2015-Q4
GOOGL,ALPHABET INC-CL A,2015-12-01 00:00:00-05:00,2015,4,12,38.63404083251953,38.08433107206315,39.66095853957086,36.560838261994256,872694000,5817000000,224734215522.7661,224.7342155227661,,,,,,,,26.106724,27.301338,7.977931,8.158623,,,,,Communication Services,Internet Content & Information,United States,187103,2015-Q4
GOOGL,ALPHABET INC-CL A,2016-01-01 00:00:00-05:00,2016,1,1,37.80674743652344,37.84895586666499,38.19655693169386,34.15344319451634,1039984000,5817000000,219921849838.25684,219.92184983825683,,,,,,,,26.106724,27.301338,7.977931,8.158623,,,,41.633348876951004,Communication Services,Internet Content & Information,United States,187103,2016-Q1
GOOGL,ALPHABET INC-CL A,2016-02-01 00:00:00-05:00,2016,1,2,35.615352630615234,38.298843628866756,40.239957418046316,33.86691018617603,1352946000,5817000000,207174506252.28882,207.1745062522888,,,,,,,,26.106724,27.301338,7.977931,8.158623,,,,27.47630236225762,Communication Services,Internet Content & Information,United States,187103,2016-Q1
GOOGL,ALPHABET INC-CL A,2016-03-01 00:00:00-05:00,2016,1,3,37.88371658325195,35.8179622533347,38.59928227496439,34.958889412256944,853314000,5817000000,220369579364.7766,220.3695793647766,,,,,,,,26.106724,27.301338,7.977931,8.158623,,,,37.53379923519158,Communication Services,Internet Content & Information,United States,187103,2016-Q1
GOOGL,ALPHABET INC-CL A,2016-04-01 00:00:00-04:00,2016,2,4,35.15155029296875,37.59867246425347,39.27659821188071,34.919152053192576,933228000,5817000000,204476568054.19922,204.47656805419922,,,,,,,,26.106724,27.301338,7.977931,8.158623,,,,28.993905496951555,Communication Services,Internet Content & Information,United States,187103,2016-Q2
GOOGL,ALPHABET INC-CL A,2016-05-01 00:00:00-04:00,2016,2,5,37.18602752685547,35.35217528348682,37.415940525830926,34.961369405750375,682046000,5817000000,216311122123.71826,216.31112212371826,,,,,,,,26.106724,27.301338,7.977931,8.158623,,,,37.32305458299301,Communication Services,Internet Content & Information,United States,187103,2016-Q2
GOOGL,ALPHABET INC-CL A,2016-06-01 00:00:00-04:00,2016,2,6,34.935546875,37.167157039214906,37.311164274659774,33.402620522142506,839330000,5817000000,203220076171.875,203.220076171875,,,,,,,,26.106724,27.301338,7.977931,8.158623,,,,30.27368993642323,Communication Services,Internet Content & Information,United States,187103,2016-Q2
GOOGL,ALPHABET INC-CL A,2016-07-01 00:00:00-04:00,2016,3,7,39.29597091674805,35.01350745892713,39.9216527452363,34.71059637860652,653244000,5817000000,228584662822.7234,228.5846628227234,,,,,,,,26.106724,27.301338,7.977931,8.158623,,,,20.355891702629016,Communication Services,Internet Content & Information,United States,187103,2016-Q3
GOOGL,ALPHABET INC-CL A,2016-08-01 00:00:00-04:00,2016,3,8,39.221981048583984,39.064069786977036,40.41525084593277,38.98312705277602,577080000,5817000000,228154263759.61304,228.15426375961303,,,,,,,,26.106724,27.301338,7.977931,8.158623,,,,21.924303294828395,Communication Services,Internet Content & Information,United States,187103,2016-Q3
GOOGL,ALPHABET INC-CL A,2016-09-01 00:00:00-04:00,2016,3,9,39.9276123046875,39.32774955766868,40.67247487433968,38.906654130451734,630896000,5817000000,232258920776.3672,232.25892077636718,,,,,,,,26.106724,27.301338,7.977931,8.158623,,,,25.955155573531364,Communication Services,Internet Content & Information,United States,187103,2016-Q3
GOOGL,ALPHABET INC-CL A,2016-10-01 00:00:00-04:00,2016,4,10,40.21760940551758,39.852626466393936,41.662644517732275,39.53879296634011,707820000,5817000000,233945833911.89575,233.94583391189576,,,,,,,,26.106724,27.301338,7.977931,8.158623,,,,9.833298867632445,Communication Services,Internet Content & Information,United States,187103,2016-Q4
GOOGL,ALPHABET INC-CL A,2016-11-01 00:00:00-04:00,2016,4,11,38.52826690673828,40.26578342378949,40.52251189732528,36.92482778592153,967068000,5817000000,224118928596.49658,224.11892859649657,,,,,,,,26.106724,27.301338,7.977931,8.158623,,,,1.708068920521022,Communication Services,Internet Content & Information,United States,187103,2016-Q4
GOOGL,ALPHABET INC-CL A,2016-12-01 00:00:00-05:00,2016,4,12,39.35109329223633,38.660854239142644,40.93268369819001,37.40997922734729,687126000,5817000000,228905309680.93872,228.90530968093873,,,,,,,,26.106724,27.301338,7.977931,8.158623,,,,1.8560120667295843,Communication Services,Internet Content & Information,United States,187103,2016-Q4
GOOGL,ALPHABET INC-CL A,2017-01-01 00:00:00-05:00,2017,1,1,40.72858810424805,39.75679035642183,43.05305581902996,39.57157110363644,736654000,5817000000,236918197002.4109,236.9181970024109,,,,,,,,26.106724,27.301338,7.977931,8.158623,,,,7.728357676444664,Communication Services,Internet Content & Information,United States,187103,2017-Q1
GOOGL,ALPHABET INC-CL A,2017-02-01 00:00:00-05:00,2017,1,2,41.957115173339844,40.91778619702147,42.39708146984756,40.32437914468099,529816000,5817000000,244064538963.31787,244.06453896331786,,,,,,,,26.106724,27.301338,7.977931,8.158623,,,,17.806260711492094,Communication Services,Internet Content & Information,United States,187103,2017-Q1
GOOGL,ALPHABET INC-CL A,2017-03-01 00:00:00-05:00,2017,1,3,42.099639892578125,42.27741464188433,43.42152419228456,40.93268906770072,691002000,5817000000,244893605255.12695,244.89360525512694,,,,,,,,26.106724,27.301338,7.977931,8.158623,,,,11.128589509060971,Communication Services,Internet Content & Information,United States,187103,2017-Q1
GOOGL,ALPHABET INC-CL A,2017-04-01 00:00:00-04:00,2017,2,4,45.90936279296875,42.146811539223606,46.47446170968723,41.444157319317156,574432000,5817000000,267054763366.69922,267.0547633666992,,,,,,,,26.106724,27.301338,7.977931,8.158623,,,,30.60409117191014,Communication Services,Internet Content & Information,United States,187103,2017-Q2
GOOGL,ALPHABET INC-CL A,2017-05-01 00:00:00-04:00,2017,2,5,49.01642608642578,45.890983380023066,49.63764119686239,45.72463119406237,707186000,5817000000,285128550544.7388,285.12855054473874,,,,,,,,26.106724,27.301338,7.977931,8.158623,,,,31.814096171005325,Communication Services,Internet Content & Information,United States,187103,2017-Q2
GOOGL,ALPHABET INC-CL A,2017-06-01 00:00:00-04:00,2017,2,6,46.16559600830078,49.20860746603402,50.08506223267,46.1616218010656,881706000,5817000000,268545271980.28564,268.54527198028563,,,,,,,,26.106724,27.301338,7.977931,8.158623,,,,32.145050350813435,Communication Services,Internet Content & Information,United States,187103,2017-Q2
GOOGL,ALPHABET INC-CL A,2017-07-01 00:00:00-04:00,2017,3,7,46.951171875,46.34137550910245,49.9648859350205,45.45200942440623,838172000,5817000000,273114966796.875,273.114966796875,,,,,,,,26.106724,27.301338,7.977931,8.158623,,,,19.480880048670034,Communication Services,Internet Content & Information,United States,187103,2017-Q3
GOOGL,ALPHABET INC-CL A,2017-08-01 00:00:00-04:00,2017,3,8,47.434837341308594,47.06588016011774,47.53216562932232,45.615385583347646,656924000,5817000000,275928448814.3921,275.9284488143921,,,,,,,,26.106724,27.301338,7.977931,8.158623,,,,20.939422418646835,Communication Services,Internet Content & Information,United States,187103,2017-Q3
GOOGL,ALPHABET INC-CL A,2017-09-01 00:00:00-04:00,2017,3,9,48.352508544921875,47.545574055995786,48.4562925527233,45.908860018384445,592524000,5817000000,281266542205.81055,281.26654220581054,,,,,,,,26.106724,27.301338,7.977931,8.158623,,,,21.100425880576125,Communication Services,Internet Content & Information,United States,187103,2017-Q3
GOOGL,ALPHABET INC-CL A,2017-10-01 00:00:00-04:00,2017,4,10,51.298194885253906,48.44835115601325,52.81672088405051,47.76804190074551,737076000,5817000000,298401599647.522,298.40159964752195,,,,,,,,26.106724,27.301338,7.977931,8.158623,,,,27.551576643976627,Communication Services,Internet Content & Information,United States,187103,2017-Q4
GOOGL,ALPHABET INC-CL A,2017-11-01 00:00:00-04:00,2017,4,11,51.453617095947266,51.46106920743182,53.630107220324554,51.0806894935161,573720000,5817000000,299305690647.12524,299.30569064712523,,,,,,,,26.106724,27.301338,7.977931,8.158623,,,,33.54770724698351,Communication Services,Internet Content & Information,United States,187103,2017-Q4
GOOGL,ALPHABET INC-CL A,2017-12-01 00:00:00-05:00,2017,4,12,52.30921173095703,51.167587739766965,53.95238135075093,49.772709423014284,598810000,5817000000,304282684638.97705,304.28268463897706,,,,,,,,26.106724,27.301338,7.977931,8.158623,,,,32.92950043976857,Communication Services,Internet Content & Information,United States,187103,2017-Q4
GOOGL,ALPHABET INC-CL A,2018-01-01 00:00:00-05:00,2018,1,1,58.70610046386719,52.29035119794451,59.489697412208926,52.29035119794451,657748000,5817000000,341493386398.3154,341.4933863983154,,,,,,,,26.106724,27.301338,7.977931,8.158623,,,,44.13978779132799,Communication Services,Internet Content & Information,United States,187103,2018-Q1
GOOGL,ALPHABET INC-CL A,2018-02-01 00:00:00-05:00,2018,1,2,54.81792068481445,58.39673799622692,58.965814941769914,49.50853874913311,1026814000,5817000000,318875844623.5657,318.8758446235657,,,,,,,,26.106724,27.301338,7.977931,8.158623,,,,30.652263527513803,Communication Services,Internet Content & Information,United States,187103,2018-Q1
GOOGL,ALPHABET INC-CL A,2018-03-01 00:00:00-05:00,2018,1,3,51.50178527832031,55.09699151387123,58.504489402674224,48.862987659067926,1042336000,5817000000,299585884963.98926,299.58588496398926,,,,,,,,26.106724,27.301338,7.977931,8.158623,,,,22.333077930673028,Communication Services,Internet Content & Information,United States,187103,2018-Q1
GOOGL,ALPHABET INC-CL A,2018-04-01 00:00:00-04:00,2018,2,4,50.580142974853516,51.0290464927241,54.499608776037874,49.37197652866953,984928000,5817000000,294224691684.7229,294.2246916847229,,,,,,,,26.106724,27.301338,7.977931,8.158623,,,,10.173916381605963,Communication Services,Internet Content & Information,United States,187103,2018-Q2
GOOGL,ALPHABET INC-CL A,2018-05-01 00:00:00-04:00,2018,2,5,54.623260498046875,50.46692558535671,55.524545508606195,50.04930802138353,740734000,5817000000,317743506317.1387,317.74350631713867,,,,,,,,26.106724,27.301338,7.977931,8.158623,,,,11.438684659985455,Communication Services,Internet Content & Information,United States,187103,2018-Q2
GOOGL,ALPHABET INC-CL A,2018-06-01 00:00:00-04:00,2018,2,6,56.07276153564453,55.262352904208825,59.66300107670489,54.9246816939688,803684000,5817000000,326175253852.84424,326.17525385284426,,,,,,,,26.106724,27.301338,7.977931,8.158623,,,,21.460062002800527,Communication Services,Internet Content & Information,United States,187103,2018-Q2
GOOGL,ALPHABET INC-CL A,2018-07-01 00:00:00-04:00,2018,3,7,60.94068145751953,55.3854983032786,64.12968487494881,54.95099514799846,835654000,5817000000,354491944038.3911,354.4919440383911,,,,,,,,26.106724,27.301338,7.977931,8.158623,,,,29.795868822538374,Communication Services,Internet Content & Information,United States,187103,2018-Q3
GOOGL,ALPHABET INC-CL A,2018-08-01 00:00:00-04:00,2018,3,8,61.168121337890625,61.53111913236935,63.16236637563752,59.787643157748306,685718000,5817000000,355814961822.50977,355.81496182250976,,,,,,,,26.106724,27.301338,7.977931,8.158623,,,,28.951894359343378,Communication Services,Internet Content & Information,United States,187103,2018-Q3
GOOGL,ALPHABET INC-CL A,2018-09-01 00:00:00-04:00,2018,3,9,59.94058609008789,60.70729739302194,60.97296688484132,57.1806224050238,718518000,5817000000,348674389286.04126,348.6743892860413,,,,,,,,26.106724,27.301338,7.977931,8.158623,,,,23.965824925919033,Communication Services,Internet Content & Information,United States,187103,2018-Q3
GOOGL,ALPHABET INC-CL A,2018-10-01 00:00:00-04:00,2018,4,10,54.15548324584961,60.23455742698693,60.80661211903224,50.01504159060875,1130942000,5817000000,315022446041.1072,315.0224460411072,,,,,,,,26.106724,27.301338,7.977931,8.158623,,,,5.569958878644776,Communication Services,Internet Content & Information,United States,187103,2018-Q4
GOOGL,ALPHABET INC-CL A,2018-11-01 00:00:00-04:00,2018,4,11,55.10245132446289,54.19620332890945,55.11635536593209,49.76725087583621,786236000,5817000000,320530959354.40063,320.53095935440064,,,,,,,,26.106724,27.301338,7.977931,8.158623,,,,7.091501889384233,Communication Services,Internet Content & Information,United States,187103,2018-Q4
GOOGL,ALPHABET INC-CL A,2018-12-01 00:00:00-05:00,2018,4,12,51.890113830566406,56.22024939968394,56.361275033767754,48.54816167040505,857436000,5817000000,301844792152.4048,301.8447921524048,,,,,,,,26.106724,27.301338,7.977931,8.158623,,,,-0.801193301375247,Communication Services,Internet Content & Information,United States,187103,2018-Q4
GOOGL,ALPHABET INC-CL A,2019-01-01 00:00:00-05:00,2019,1,1,55.90888977050781,51.008192489964934,55.99728083126573,50.76834587925548,697168000,5817000000,325222011795.04395,325.22201179504395,,,,,,,,26.106724,27.301338,7.977931,8.158623,,,,-4.764770051591183,Communication Services,Internet Content & Information,United States,187103,2019-Q1
GOOGL,ALPHABET INC-CL A,2019-02-01 00:00:00-05:00,2019,1,2,55.9416618347168,55.7301196200743,57.30476171531332,54.304951646591554,652174000,5817000000,325412646892.5476,325.4126468925476,,,,,,,,26.106724,27.301338,7.977931,8.158623,,,,2.0499521613807525,Communication Services,Internet Content & Information,United States,187103,2019-Q1
GOOGL,ALPHABET INC-CL A,2019-03-01 00:00:00-05:00,2019,1,3,58.44142532348633,56.16264006784734,61.39852700753705,56.12291315270223,663738000,5817000000,339953771106.72,339.95377110671996,,,,,,,,26.106724,27.301338,7.977931,8.158623,,,,13.474562110155164,Communication Services,Internet Content & Information,United States,187103,2019-Q1
GOOGL,ALPHABET INC-CL A,2019-04-01 00:00:00-04:00,2019,2,4,59.53736114501953,58.970269525600656,64.40429421577085,58.74482707041049,647446000,5817000000,346328829780.5786,346.3288297805786,,,,,,,,26.106724,27.301338,7.977931,8.158623,,,,17.708961745361606,Communication Services,Internet Content & Information,United States,187103,2019-Q2
GOOGL,ALPHABET INC-CL A,2019-05-01 00:00:00-04:00,2019,2,5,54.9460334777832,59.46486595777997,59.55176811239359,54.78961111490557,742726000,5817000000,319621076740.2649,319.62107674026487,,,,,,,,26.106724,27.301338,7.977931,8.158623,,,,0.5909075672036579,Communication Services,Internet Content & Information,United States,187103,2019-Q2
GOOGL,ALPHABET INC-CL A,2019-06-01 00:00:00-04:00,2019,2,6,53.7691535949707,52.98108987667071,55.94266235804643,50.99975620102194,712452000,5817000000,312775166461.9446,312.7751664619446,,,,,,,,26.106724,27.301338,7.977931,8.158623,,,,-4.108247708130907,Communication Services,Internet Content & Information,United States,187103,2019-Q2
GOOGL,ALPHABET INC-CL A,2019-07-01 00:00:00-04:00,2019,3,7,60.492774963378906,54.67489973756347,62.9850838491221,54.39135579650275,715104000,5817000000,351886471961.9751,351.8864719619751,,,,,,,,26.106724,27.301338,7.977931,8.158623,,,,-0.7349876690382118,Communication Services,Internet Content & Information,United States,187103,2019-Q3
GOOGL,ALPHABET INC-CL A,2019-08-01 00:00:00-04:00,2019,3,8,59.118751525878906,60.464469488644795,61.391573522615055,56.74611594136378,586310000,5817000000,343893777626.0376,343.8937776260376,,,,,,,,26.106724,27.301338,7.977931,8.158623,,,,-3.3503886782644043,Communication Services,Internet Content & Information,United States,187103,2019-Q3
GOOGL,ALPHABET INC-CL A,2019-09-01 00:00:00-04:00,2019,3,9,60.638771057128906,58.687727062214684,61.9735666856677,57.78694213301952,517072000,5817000000,352735731239.31885,352.73573123931885,,,,,,,,26.106724,27.301338,7.977931,8.158623,,,,1.1647950288501852,Communication Services,Internet Content & Information,United States,187103,2019-Q3
GOOGL,ALPHABET INC-CL A,2019-10-01 00:00:00-04:00,2019,4,10,62.50886535644531,60.70580300310372,64.51701420373642,57.7586313207426,603634000,5817000000,363614069778.4424,363.6140697784424,,,,,,,,26.106724,27.301338,7.977931,8.158623,,,,15.424813167438401,Communication Services,Internet Content & Information,United States,187103,2019-Q4
GOOGL,ALPHABET INC-CL A,2019-11-01 00:00:00-04:00,2019,4,11,64.75785064697266,62.85646748545274,66.23913479310565,62.554052719790434,528780000,5817000000,376696417213.43994,376.69641721343993,,,,,,,,26.106724,27.301338,7.977931,8.158623,,,,17.522631190498817,Communication Services,Internet Content & Information,United States,187103,2019-Q4
GOOGL,ALPHABET INC-CL A,2019-12-01 00:00:00-05:00,2019,4,12,66.5107650756836,64.68187978500312,67.88429491297639,63.41511934490292,559106000,5817000000,386893120445.25146,386.89312044525144,,,,,,,,26.106724,27.301338,7.977931,8.158623,,,,28.176178785918825,Communication Services,Internet Content & Information,United States,187103,2019-Q4
GOOGL,ALPHABET INC-CL A,2020-01-01 00:00:00-05:00,2020,1,1,71.14828491210938,66.95868268115149,74.51506337959323,66.86333959811857,673594000,5817000000,413869573333.74023,413.8695733337402,,,,,,,,26.106724,27.301338,7.977931,8.158623,,,,27.257552786606066,Communication Services,Internet Content & Information,United States,187103,2020-Q1
GOOGL,ALPHABET INC-CL A,2020-02-01 00:00:00-05:00,2020,1,2,66.50381469726562,72.58188842430992,76.01273130452665,62.97614362297551,830656000,5817000000,386852690093.99414,386.8526900939941,,,,,,,,26.106724,27.301338,7.977931,8.158623,,,,18.880656233909132,Communication Services,Internet Content & Information,United States,187103,2020-Q1
GOOGL,ALPHABET INC-CL A,2020-03-01 00:00:00-05:00,2020,1,3,57.69954299926758,67.10666550667608,69.92720840862992,50.09797211347052,1570716000,5817000000,335638241626.7395,335.6382416267395,,,,,,,,26.106724,27.301338,7.977931,8.158623,,,,-1.2694459796493085,Communication Services,Internet Content & Information,United States,187103,2020-Q1
GOOGL,ALPHABET INC-CL A,2020-04-01 00:00:00-04:00,2020,2,4,66.87376403808594,55.815038851433236,67.54165811610768,53.385794447808244,1124224000,5817000000,389004685409.5459,389.0046854095459,,,,,,,,26.106724,27.301338,7.977931,8.158623,,,,12.322351464648552,Communication Services,Internet Content & Information,United States,187103,2020-Q2
GOOGL,ALPHABET INC-CL A,2020-05-01 00:00:00-04:00,2020,2,5,71.18502807617188,65.75100319600406,71.76055685394707,64.35662114152413,725130000,5817000000,414083308319.0918,414.08330831909177,,,,,,,,26.106724,27.301338,7.977931,8.158623,,,,29.554443825239396,Communication Services,Internet Content & Information,United States,187103,2020-Q2
GOOGL,ALPHABET INC-CL A,2020-06-01 00:00:00-04:00,2020,2,6,70.41682434082031,70.79671154437135,73.28404983267707,67.11956617084134,814160000,5817000000,409614667190.55176,409.61466719055176,,,,,,,,26.106724,27.301338,7.977931,8.158623,,,,30.96137772830174,Communication Services,Internet Content & Information,United States,187103,2020-Q2
GOOGL,ALPHABET INC-CL A,2020-07-01 00:00:00-04:00,2020,3,7,73.88788604736328,70.47244734979749,78.80894677067806,70.22465233048217,822998000,5817000000,429805833137.5122,429.8058331375122,,,,,,,,26.106724,27.301338,7.977931,8.158623,,,,22.14332387974185,Communication Services,Internet Content & Information,United States,187103,2020-Q3
GOOGL,ALPHABET INC-CL A,2020-08-01 00:00:00-04:00,2020,3,8,80.91839599609375,74.0393433688986,82.07343156873273,72.70007736064922,614564000,5817000000,470702309509.27734,470.70230950927737,,,,,,,,26.106724,27.301338,7.977931,8.158623,,,,36.874331591174034,Communication Services,Internet Content & Information,United States,187103,2020-Q3
GOOGL,ALPHABET INC-CL A,2020-09-01 00:00:00-04:00,2020,3,9,72.77803039550781,81.04898646056044,85.7138105912324,69.6272614313145,836634000,5817000000,423349802810.66895,423.34980281066896,,,,,,,,26.106724,27.301338,7.977931,8.158623,,,,20.018973219200454,Communication Services,Internet Content & Information,United States,187103,2020-Q3
GOOGL,ALPHABET INC-CL A,2020-10-01 00:00:00-04:00,2020,4,10,80.25199890136719,73.67486378450468,83.49017093425739,71.17063578867412,854920000,5817000000,466825877609.2529,466.8258776092529,,,,,,,,26.106724,27.301338,7.977931,8.158623,,,,28.3849873833814,Communication Services,Internet Content & Information,United States,187103,2020-Q4
GOOGL,ALPHABET INC-CL A,2020-11-01 00:00:00-04:00,2020,4,11,87.11913299560547,80.62095224492218,90.2222271457614,80.05336426297225,631912000,5817000000,506771996635.437,506.771996635437,,,,,,,,26.106724,27.301338,7.977931,8.158623,,,,34.53061231222036,Communication Services,Internet Content & Information,United States,187103,2020-Q4
GOOGL,ALPHABET INC-CL A,2020-12-01 00:00:00-05:00,2020,4,12,87.03174591064453,87.72794065504223,91.560008506137,84.11982260712134,608630000,5817000000,506263665962.21924,506.26366596221925,,,,,,,,26.106724,27.301338,7.977931,8.158623,,,,30.853623186577096,Communication Services,Internet Content & Information,United States,187103,2020-Q4
GOOGL,ALPHABET INC-CL A,2021-01-01 00:00:00-05:00,2021,1,1,90.74214172363281,87.39721568170974,95.94227611731162,84.22410116544214,791662000,5817000000,527847038406.3721,527.8470384063721,,,,,,,,26.106724,27.301338,7.977931,8.158623,,,,27.539464704915993,Communication Services,Internet Content & Information,United States,187103,2021-Q1
GOOGL,ALPHABET INC-CL A,2021-02-01 00:00:00-05:00,2021,1,2,100.40300750732422,91.59774100008896,106.52230872523076,91.59774100008896,678324000,5817000000,584044294670.105,584.0442946701049,,,,,,,,26.106724,27.301338,7.977931,8.158623,,,,50.97330576354502,Communication Services,Internet Content & Information,United States,187103,2021-Q1
GOOGL,ALPHABET INC-CL A,2021-03-01 00:00:00-05:00,2021,1,3,102.41959381103516,101.69856891952166,104.96304817597341,99.01705917801625,756694000,5817000000,595774777198.7915,595.7747771987915,,,,,,,,26.106724,27.301338,7.977931,8.158623,,,,77.5050346799718,Communication Services,Internet Content & Information,United States,187103,2021-Q1
GOOGL,ALPHABET INC-CL A,2021-04-01 00:00:00-04:00,2021,2,4,116.86894989013672,103.89592572740561,120.7362738837359,103.85520620652252,702352000,5817000000,679826681510.9253,679.8266815109253,,,,,,,,26.106724,27.301338,7.977931,8.158623,,,,74.76053811413625,Communication Services,Internet Content & Information,United States,187103,2021-Q2
GOOGL,ALPHABET INC-CL A,2021-05-01 00:00:00-04:00,2021,2,5,117.03529357910156,117.43553296229877,118.63426590272758,108.92969972163857,603480000,5817000000,680794302749.6338,680.7943027496337,,,,,,,,26.106724,27.301338,7.977931,8.158623,,,,64.40998443361909,Communication Services,Internet Content & Information,United States,187103,2021-Q2
GOOGL,ALPHABET INC-CL A,2021-06-01 00:00:00-04:00,2021,2,6,121.25320434570312,117.90877094881968,122.2523101124289,115.67815355393377,544936000,5817000000,705329889678.9551,705.329889678955,,,,,,,,26.106724,27.301338,7.977931,8.158623,,,,72.19351409378056,Communication Services,Internet Content & Information,United States,187103,2021-Q2
GOOGL,ALPHABET INC-CL A,2021-07-01 00:00:00-04:00,2021,3,7,133.80364990234375,120.89120479718467,137.3496882747323,120.69903350964019,610808000,5817000000,778335831481.9336,778.3358314819336,,,,,,,,26.106724,27.301338,7.977931,8.158623,,,,81.09010429202634,Communication Services,Internet Content & Information,United States,187103,2021-Q3
GOOGL,ALPHABET INC-CL A,2021-08-01 00:00:00-04:00,2021,3,8,143.70632934570312,134.1914647513679,144.9706195908923,132.406276862727,461586000,5817000000,835939717803.9551,835.9397178039551,,,,,,,,26.106724,27.301338,7.977931,8.158623,,,,77.59413984508589,Communication Services,Internet Content & Information,United States,187103,2021-Q3
GOOGL,ALPHABET INC-CL A,2021-09-01 00:00:00-04:00,2021,3,9,132.7603302001953,144.00676723827962,145.25217530514638,132.64115703529495,590840000,5817000000,772266840774.5361,772.2668407745361,,,,,,,,26.106724,27.301338,7.977931,8.158623,,,,82.4181411323133,Communication Services,Internet Content & Information,United States,187103,2021-Q3
GOOGL,ALPHABET INC-CL A,2021-10-01 00:00:00-04:00,2021,4,10,147.0319061279297,133.5265437133086,147.63175751849192,130.15232470717447,720758000,5817000000,855284597946.167,855.284597946167,,,,,,,,26.106724,27.301338,7.977931,8.158623,,,,83.21276496631268,Communication Services,Internet Content & Information,United States,187103,2021-Q4
GOOGL,ALPHABET INC-CL A,2021-11-01 00:00:00-04:00,2021,4,11,140.925537109375,147.03191965653517,149.9324165116166,140.63155943723774,608378000,5817000000,819763849365.2344,819.7638493652344,,,,,,,,26.106724,27.301338,7.977931,8.158623,,,,61.76186821841267,Communication Services,Internet Content & Information,United States,187103,2021-Q4
GOOGL,ALPHABET INC-CL A,2021-12-01 00:00:00-05:00,2021,4,12,143.85980224609375,143.01363327859488,148.07870551891972,138.3666824986325,619694000,5817000000,836832469665.5273,836.8324696655274,,,,,,,,26.106724,27.301338,7.977931,8.158623,,,,65.29577884579561,Communication Services,Internet Content & Information,United States,187103,2021-Q4
GOOGL,ALPHABET INC-CL A,2022-01-01 00:00:00-05:00,2022,1,1,134.37669372558594,144.06139317197406,145.4816058203014,123.64719834221432,767206000,5817000000,781669227401.7334,781.6692274017335,,,,,,,,26.106724,27.301338,7.977931,8.158623,,,,48.08631488426614,Communication Services,Internet Content & Information,United States,187103,2022-Q1
GOOGL,ALPHABET INC-CL A,2022-02-01 00:00:00-05:00,2022,1,2,134.1318817138672,136.6519910351728,150.50841730149375,124.09758159785828,928126000,5817000000,780245155929.5654,780.2451559295654,,,,,,,,26.106724,27.301338,7.977931,8.158623,,,,33.5934899201924,Communication Services,Internet Content & Information,United States,187103,2022-Q1
GOOGL,ALPHABET INC-CL A,2022-03-01 00:00:00-05:00,2022,1,3,138.1149139404297,133.95459739645653,142.80853950894107,124.41688710251951,729162000,5817000000,803414454391.4795,803.4144543914795,,,,,,,,26.106724,27.301338,7.977931,8.158623,,,,34.852042271572216,Communication Services,Internet Content & Information,United States,187103,2022-Q1
GOOGL,ALPHABET INC-CL A,2022-04-01 00:00:00-04:00,2022,2,4,113.32786560058594,138.54444772059884,142.7276017833853,111.96427691299019,761152000,5817000000,659228194198.6084,659.2281941986084,,,,,,,,26.106724,27.301338,7.977931,8.158623,,,,-3.0299615876411945,Communication Services,Internet Content & Information,United States,187103,2022-Q2
GOOGL,ALPHABET INC-CL A,2022-05-01 00:00:00-04:00,2022,2,5,112.98275756835938,112.62820069318958,122.01297482809612,101.18661327927035,850450000,5817000000,657220700775.1465,657.2207007751465,,,,,,,,26.106724,27.301338,7.977931,8.158623,,,,-3.4626614645975717,Communication Services,Internet Content & Information,United States,187103,2022-Q2
GOOGL,ALPHABET INC-CL A,2022-06-01 00:00:00-04:00,2022,2,6,108.21662139892578,114.0682681870081,118.52949561920299,104.32645229402875,770754000,5817000000,629496086677.5513,629.4960866775513,,,,,,,,26.106724,27.301338,7.977931,8.158623,,,,-10.751536849788268,Communication Services,Internet Content & Information,United States,187103,2022-Q2
GOOGL,ALPHABET INC-CL A,2022-07-01 00:00:00-04:00,2022,3,7,115.5232162475586,107.19366555054287,118.86516412332116,103.35712784706523,789529700,5817000000,671998548912.0483,671.9985489120484,,,,,,,,26.106724,27.301338,7.977931,8.158623,,,,-13.662133781946217,Communication Services,Internet Content & Information,United States,187103,2022-Q3
GOOGL,ALPHABET INC-CL A,2022-08-01 00:00:00-04:00,2022,3,8,107.47872161865234,114.51022723014833,121.59138580802555,107.06160033080134,515852700,5817000000,625203723655.7007,625.2037236557006,,,,,,,,26.106724,27.301338,7.977931,8.158623,,,,-25.20947260430043,Communication Services,Internet Content & Information,United States,187103,2022-Q3
GOOGL,ALPHABET INC-CL A,2022-09-01 00:00:00-04:00,2022,3,9,94.99481201171875,107.53829550003164,110.85542089395862,94.90542455938035,613278900,5817000000,552584821472.168,552.584821472168,,,,,,,,26.106724,27.301338,7.977931,8.158623,,,,-28.44638766077806,Communication Services,Internet Content & Information,United States,187103,2022-Q3
GOOGL,ALPHABET INC-CL A,2022-10-01 00:00:00-04:00,2022,4,10,93.86262512207031,96.09721301489715,104.10200099740709,91.17118905818836,681488300,5817000000,545998890335.083,545.998890335083,,,,,,,,26.106724,27.301338,7.977931,8.158623,,,,-36.16173006666852,Communication Services,Internet Content & Information,United States,187103,2022-Q4
GOOGL,ALPHABET INC-CL A,2022-11-01 00:00:00-04:00,2022,4,11,100.29822540283203,94.7961729985236,100.34788593815357,82.76912481020771,716522700,5817000000,583434777168.2739,583.434777168274,,,,,,,,26.106724,27.301338,7.977931,8.158623,,,,-28.828920960585968,Communication Services,Internet Content & Information,United States,187103,2022-Q4
GOOGL,ALPHABET INC-CL A,2022-12-01 00:00:00-05:00,2022,4,12,87.6256332397461,100.32801585550529,101.54959376480556,85.35131869018292,603127800,5817000000,509718308555.603,509.718308555603,,,,,,,,26.106724,27.301338,7.977931,8.158623,,,,-39.08956367821963,Communication Services,Internet Content & Information,United States,187103,2022-Q4
GOOGL,ALPHABET INC-CL A,2023-01-01 00:00:00-05:00,2023,1,1,98.16295623779297,88.97631743930995,99.63282177948932,84.2787215185241,672897800,5817000000,571013916435.2417,571.0139164352418,,,,,,,,26.106724,27.301338,7.977931,8.158623,,,,-26.949418447328345,Communication Services,Internet Content & Information,United States,187103,2023-Q1
GOOGL,ALPHABET INC-CL A,2023-02-01 00:00:00-05:00,2023,1,2,89.44310760498047,98.03385864024524,107.43899256390057,87.9732495025853,952580200,5817000000,520290556938.1714,520.2905569381713,,,,,,,,26.106724,27.301338,7.977931,8.158623,,,,-33.31704106277857,Communication Services,Internet Content & Information,United States,187103,2023-Q1
GOOGL,ALPHABET INC-CL A,2023-03-01 00:00:00-05:00,2023,1,3,103.01947021484375,89.36365541090625,105.85987272309906,88.80748616462172,859933900,5817000000,599264258239.7461,599.2642582397461,,,,,,,,26.106724,27.301338,7.977931,8.158623,,,,-25.410321539006965,Communication Services,Internet Content & Information,United States,187103,2023-Q1
GOOGL,ALPHABET INC-CL A,2023-04-01 00:00:00-04:00,2023,2,4,106.60472106933594,101.68863142926998,108.42218745103634,101.23178332264258,604106300,5817000000,620119662460.3271,620.1196624603272,,,,,,,,26.106724,27.301338,7.977931,8.158623,,,,-5.932472561466151,Communication Services,Internet Content & Information,United States,187103,2023-Q2
GOOGL,ALPHABET INC-CL A,2023-05-01 00:00:00-04:00,2023,2,5,122.02836608886719,106.10816224154452,125.56397832655502,102.99960488694757,820611200,5817000000,709839005538.9404,709.8390055389405,,,,,,,,26.106724,27.301338,7.977931,8.158623,,,,8.006184939356631,Communication Services,Internet Content & Information,United States,187103,2023-Q2
GOOGL,ALPHABET INC-CL A,2023-06-01 00:00:00-04:00,2023,2,6,118.88006591796875,121.97869700931534,128.15608436934875,115.30472701388211,656851900,5817000000,691525343444.8242,691.5253434448242,,,,,,,,26.106724,27.301338,7.977931,8.158623,,,,9.853795453226756,Communication Services,Internet Content & Information,United States,187103,2023-Q2
GOOGL,ALPHABET INC-CL A,2023-07-01 00:00:00-04:00,2023,3,7,131.81088256835938,118.42321587788696,132.8238999142001,114.55986259259512,708341900,5817000000,766743903900.1465,766.7439039001465,,,,,,,,26.106724,27.301338,7.977931,8.158623,,,,14.099041603808349,Communication Services,Internet Content & Information,United States,187103,2023-Q3
GOOGL,ALPHABET INC-CL A,2023-08-01 00:00:00-04:00,2023,3,8,135.2372589111328,129.8841800186417,137.05472556870842,125.51431768798061,593329000,5817000000,786675135086.0596,786.6751350860595,,,,,,,,26.106724,27.301338,7.977931,8.158623,,,,25.82700731310441,Communication Services,Internet Content & Information,United States,187103,2023-Q3
GOOGL,ALPHABET INC-CL A,2023-09-01 00:00:00-04:00,2023,3,9,129.96363830566406,136.51843581484752,138.20678815682822,126.34857211353012,477599300,5817000000,755998484024.0479,755.9984840240478,,,,,,,,26.106724,27.301338,7.977931,8.158623,,,,36.81130111571933,Communication Services,Internet Content & Information,United States,187103,2023-Q3
GOOGL,ALPHABET INC-CL A,2023-10-01 00:00:00-04:00,2023,4,10,123.23007202148438,130.31123741684638,140.25266492981189,119.38657822597342,680747700,5817000000,716829328948.9746,716.8293289489746,,,,,,,,26.106724,27.301338,7.977931,8.158623,,,,31.287689707400656,Communication Services,Internet Content & Information,United States,187103,2023-Q4
GOOGL,ALPHABET INC-CL A,2023-11-01 00:00:00-04:00,2023,4,11,131.62217712402344,123.22012846921363,138.4649804772397,122.87252746130432,535233300,5817000000,765646204330.4443,765.6462043304443,,,,,,,,26.106724,27.301338,7.977931,8.158623,,,,31.230813501817888,Communication Services,Internet Content & Information,United States,187103,2023-Q4
GOOGL,ALPHABET INC-CL A,2023-12-01 00:00:00-05:00,2023,4,12,138.733154296875,130.95678638802505,141.70266370543624,127.02391249297253,619995600,5817000000,807010758544.9219,807.0107585449218,,,,,,,,26.106724,27.301338,7.977931,8.158623,,,,58.324852178012065,Communication Services,Internet Content & Information,United States,187103,2023-Q4
GOOGL,ALPHABET INC-CL A,2024-01-01 00:00:00-05:00,2024,1,1,139.1403350830078,137.6009493970292,152.7266211780627,134.22422996419422,581871000,5817000000,809379329177.8564,809.3793291778564,,,,,,,,26.106724,27.301338,7.977931,8.158623,,,,41.74423877979996,Communication Services,Internet Content & Information,United States,187103,2024-Q1
GOOGL,ALPHABET INC-CL A,2024-02-01 00:00:00-05:00,2024,1,2,137.51158142089844,141.14649958439958,148.41636621994024,134.4824703227565,647623800,5817000000,799904869125.3662,799.9048691253662,,,,,,,,26.106724,27.301338,7.977931,8.158623,,,,53.74195407902103,Communication Services,Internet Content & Information,United States,187103,2024-Q1
GOOGL,ALPHABET INC-CL A,2024-03-01 00:00:00-05:00,2024,1,3,149.89614868164062,137.48177149058435,151.2170402332813,129.77493158591346,672715700,5817000000,871945896881.1035,871.9458968811035,,,,,,,,26.106724,27.301338,7.977931,8.158623,,,,45.502736879773394,Communication Services,Internet Content & Information,United States,187103,2024-Q1
GOOGL,ALPHABET INC-CL A,2024-04-01 00:00:00-04:00,2024,2,4,161.66497802734375,149.65779651258174,173.5132670374899,148.5752665006858,659848400,5817000000,940405177185.0586,940.4051771850586,84742000000.0,84742.0,49235000000.0,23619000000.0,27425000000.0,31326000000.0,2.774318452435211,26.106724,27.301338,7.977931,8.158623,,,,51.64898552869577,Communication Services,Internet Content & Information,United States,187103,2024-Q2
GOOGL,ALPHABET INC-CL A,2024-05-01 00:00:00-04:00,2024,2,5,171.31838989257812,163.1745622154946,177.5454451770859,161.93312460757738,542386500,5817000000,996559074005.127,996.559074005127,84742000000.0,84742.0,49235000000.0,23619000000.0,27425000000.0,31326000000.0,2.9399798034183964,26.106724,27.301338,7.977931,8.158623,,0.0,,40.3922672928485,Communication Services,Internet Content & Information,United States,187103,2024-Q2
GOOGL,ALPHABET INC-CL A,2024-06-01 00:00:00-04:00,2024,2,6,180.9022979736328,171.358124203698,184.77559274139503,169.9875872696837,460108700,5817000000,1052308667312.6221,1052.308667312622,84742000000.0,84742.0,49235000000.0,23619000000.0,27425000000.0,31326000000.0,3.104448406081465,26.106724,27.301338,7.977931,8.158623,,0.0,,52.17210436143389,Communication Services,Internet Content & Information,United States,187103,2024-Q2
GOOGL,ALPHABET INC-CL A,2024-07-01 00:00:00-04:00,2024,3,7,170.5605010986328,181.98489873907815,190.65510881249807,163.1232160954986,526128300,5817000000,992150434890.7471,992.1504348907471,88268000000.0,88268.0,51794000000.0,26301000000.0,28521000000.0,35745000000.0,2.8100513065061716,26.106724,27.301338,7.977931,8.158623,,4.1608647423945655,,29.39789020089234,Communication Services,Internet Content & Information,United States,187103,2024-Q3
GOOGL,ALPHABET INC-CL A,2024-08-01 00:00:00-04:00,2024,3,8,162.4470977783203,169.27786491741315,173.05616978250106,154.0453355173375,550739500,5817000000,944954767776.4893,944.9547677764892,88268000000.0,88268.0,51794000000.0,26301000000.0,28521000000.0,35745000000.0,2.6763797972552035,26.106724,27.301338,7.977931,8.158623,,0.0,4.1608647423945655,20.120075699750494,Communication Services,Internet Content & Information,United States,187103,2024-Q3
GOOGL,ALPHABET INC-CL A,2024-09-01 00:00:00-04:00,2024,3,9,164.90301513671875,160.79659226881682,165.2012900221226,146.379386170012,532543100,5817000000,959240839050.293,959.240839050293,88268000000.0,88268.0,51794000000.0,26301000000.0,28521000000.0,35745000000.0,2.7168420012073824,26.106724,27.301338,7.977931,8.158623,,0.0,4.1608647423945655,26.883963304320613,Communication Services,Internet Content & Information,United States,187103,2024-Q3
GOOGL,ALPHABET INC-CL A,2024-10-01 00:00:00-04:00,2024,4,10,170.3587188720703,166.95373667039823,181.22082067872597,159.03864526540482,569309100,5817000000,990976667678.833,990.976667678833,96469000000.0,96469.0,55856000000.0,26536000000.0,30972000000.0,36501000000.0,2.5681220591040463,26.106724,27.301338,7.977931,8.158623,,9.291022794217607,13.838474428264625,38.244436668323424,Communication Services,Internet Content & Information,United States,187103,2024-Q4
GOOGL,ALPHABET INC-CL A,2024-11-01 00:00:00-04:00,2024,4,11,168.20819091796875,169.32328368242784,181.68874956546534,162.98124200840547,529919300,5817000000,978467046569.8242,978.4670465698242,96469000000.0,96469.0,55856000000.0,26536000000.0,30972000000.0,36501000000.0,2.535703299945641,26.106724,27.301338,7.977931,8.158623,,0.0,9.291022794217607,27.796238136580477,Communication Services,Internet Content & Information,United States,187103,2024-Q4
GOOGL,ALPHABET INC-CL A,2024-12-01 00:00:00-05:00,2024,4,12,188.46885681152344,168.02899765727858,200.53563751660892,167.82987882160327,645610200,5817000000,1096323340072.6318,1096.323340072632,96469000000.0,96469.0,55856000000.0,26536000000.0,30972000000.0,36501000000.0,2.8411286010859236,26.106724,27.301338,7.977931,8.158623,,0.0,9.291022794217607,35.84990391569922,Communication Services,Internet Content & Information,United States,187103,2024-Q4
GOOGL,ALPHABET INC-CL A,2025-01-01 00:00:00-05:00,2025,1,1,203.35702514648438,190.0304616757511,204.8122722439576,186.75115948278383,500334600,5817000000,1182927815277.0996,1182.9278152770996,90234000000.0,90234.0,53873000000.0,34540000000.0,30606000000.0,46310000000.0,3.277389385589411,26.106724,27.301338,7.977931,8.158623,,-6.4632161627051214,2.2273077445960077,46.15246184736181,Communication Services,Internet Content & Information,United States,187103,2025-Q1
GOOGL,ALPHABET INC-CL A,2025-02-01 00:00:00-05:00,2025,1,2,169.72665405273438,200.03783685930108,206.37716990550007,166.22806568264113,629376900,5817000000,987299946624.7559,987.2999466247559,90234000000.0,90234.0,53873000000.0,34540000000.0,30606000000.0,46310000000.0,2.7353878433427417,26.106724,27.301338,7.977931,8.158623,,0.0,-6.4632161627051214,23.427170496448113,Communication Services,Internet Content & Information,United States,187103,2025-Q1
GOOGL,ALPHABET INC-CL A,2025-03-01 00:00:00-05:00,2025,1,3,154.13748168945312,171.3712894628025,174.4014192046424,150.17041934465905,732152300,5817000000,896617730987.5488,896.6177309875488,90234000000.0,90234.0,53873000000.0,34540000000.0,30606000000.0,46310000000.0,2.4841460286243233,26.106724,27.301338,7.977931,8.158623,,0.0,-6.4632161627051214,2.8295143304985837,Communication Services,Internet Content & Information,United States,187103,2025-Q1
GOOGL,ALPHABET INC-CL A,2025-04-01 00:00:00-04:00,2025,2,4,158.4662628173828,153.29714138803243,165.75092390010656,140.2346554932263,842648300,5817000000,921798250808.7158,921.7982508087158,96428000000.0,96428.0,57389000000.0,28196000000.0,31271000000.0,39192000000.0,2.3898614790535837,26.106724,27.301338,7.977931,8.158623,,6.864374847618415,-0.042500699706637945,-1.9786073947444027,Communication Services,Internet Content & Information,United States,187103,2025-Q2
GOOGL,ALPHABET INC-CL A,2025-05-01 00:00:00-04:00,2025,2,5,171.3790740966797,160.1127928046989,176.39850175436447,147.52929356260393,942494200,5817000000,996912074020.3857,996.9120740203857,96428000000.0,96428.0,57389000000.0,28196000000.0,31271000000.0,39192000000.0,2.5846021747324057,26.106724,27.301338,7.977931,8.158623,,0.0,6.864374847618415,0.03542188561287407,Communication Services,Internet Content & Information,United States,187103,2025-Q2
GOOGL,ALPHABET INC-CL A,2025-06-01 00:00:00-04:00,2025,2,6,175.859619140625,167.48725272727734,180.84911081071826,161.65953011102127,847382400,5817000000,1022975404541.0156,1022.9754045410157,96428000000.0,96428.0,57389000000.0,28196000000.0,31271000000.0,39192000000.0,2.6521741728051387,26.106724,27.301338,7.977931,8.158623,,0.0,6.864374847618415,-2.787515078300884,Communication Services,Internet Content & Information,United States,187103,2025-Q2
GOOGL,ALPHABET INC-CL A,2025-07-01 00:00:00-04:00,2025,3,7,191.728515625,175.5829674872698,197.77311250636288,172.61562020451265,860114400,5817000000,1115284775390.625,1115.284775390625,,,,,,,,26.106724,27.301338,7.977931,8.158623,,0.0,6.864374847618415,12.41085385538707,Communication Services,Internet Content & Information,United States,187103,2025-Q3
GOOGL,ALPHABET INC-CL A,2025-08-01 00:00:00-04:00,2025,3,8,212.71974182128906,188.86107672340754,214.45817715575657,187.65216654773226,617570900,5817000000,1237390738174.4385,1237.3907381744384,,,,,,,,26.106724,27.301338,7.977931,8.158623,,0.0,0.0,30.94708660881844,Communication Services,Internet Content & Information,United States,187103,2025-Q3
GOOGL,ALPHABET INC-CL A,2025-09-01 00:00:00-04:00,2025,3,9,242.8827667236328,208.2537359842435,255.77123290886993,206.01573220803564,829465500,5817000000,1412849054031.372,1412.8490540313721,,,,,,,,26.106724,27.301338,7.977931,8.158623,,0.0,0.0,47.28825092874267,Communication Services,Internet Content & Information,United States,187103,2025-Q3
GOOGL,ALPHABET INC-CL A,2025-10-01 00:00:00-04:00,2025,4,10,244.6199951171875,240.75,251.32000732421875,238.61000061035156,181852339,5817000000,1422954511596.6797,1422.9545115966796,,,,,,,,26.106724,27.301338,7.977931,8.158623,,0.0,0.0,43.591121567944626,Communication Services,Internet Content & Information,United States,187103,2025-Q4
