ticker,company_name,date,year,quarter,month,close_price,open_price,high_price,low_price,volume,shares_outstanding,market_cap,market_cap_billions,revenue,revenue_millions,gross_profit,net_income,operating_income,ebitda,ps_ratio,current_pe,forward_pe,current_ps,current_pb,peg_ratio,revenue_qoq_pct,revenue_yoy_pct,market_cap_yoy_pct,user_dau_millions,user_subscribers_millions,sector,industry,country,employees,year_quarter
HUBB,HUBBELL INC,2015-01-01 00:00:00-05:00,2015,1,1,84.17157745361328,84.79865801449245,86.37826248334034,80.97267749641908,8150194,53140009,4472878383.429207,4.472878383429207,,,,,,,,28.170559,24.51411,4.1027107,6.61857,,,,,,,Industrials,Electrical Equipment & Parts,United States,17800,2015-Q1
HUBB,HUBBELL INC,2015-02-01 00:00:00-05:00,2015,1,2,90.33124542236328,85.03678220108908,92.89829863364132,84.45733210044527,5780982,53140009,4800203194.725594,4.800203194725594,,,,,,,,28.170559,24.51411,4.1027107,6.61857,,,,,,,Industrials,Electrical Equipment & Parts,United States,17800,2015-Q1
HUBB,HUBBELL INC,2015-03-01 00:00:00-05:00,2015,1,3,87.43433380126953,91.16716265202908,91.25490056338506,85.33660784741787,7915088,53140009,4646261285.108467,4.6462612851084675,,,,,,,,28.170559,24.51411,4.1027107,6.61857,,,,,,,Industrials,Electrical Equipment & Parts,United States,17800,2015-Q1
HUBB,HUBBELL INC,2015-04-01 00:00:00-04:00,2015,2,4,86.80421447753906,87.20302093263906,90.0026378660225,85.95874065472063,7502950,53140009,4612776738.574356,4.612776738574356,,,,,,,,28.170559,24.51411,4.1027107,6.61857,,,,,,,Industrials,Electrical Equipment & Parts,United States,17800,2015-Q2
HUBB,HUBBELL INC,2015-05-01 00:00:00-04:00,2015,2,5,86.16613006591797,87.5938580437785,89.73146109368922,85.7194687402156,5085473,53140009,4578868927.198051,4.578868927198052,,,,,,,,28.170559,24.51411,4.1027107,6.61857,,,,,,,Industrials,Electrical Equipment & Parts,United States,17800,2015-Q2
HUBB,HUBBELL INC,2015-06-01 00:00:00-04:00,2015,2,6,86.80834197998047,87.10497409413752,89.72653846488787,86.07879591700582,6535972,53140009,4612996074.09124,4.61299607409124,,,,,,,,28.170559,24.51411,4.1027107,6.61857,,,,,,,Industrials,Electrical Equipment & Parts,United States,17800,2015-Q2
HUBB,HUBBELL INC,2015-07-01 00:00:00-04:00,2015,3,7,83.70576477050781,87.16911948347052,87.7062587149555,81.89391532542628,7352417,53140009,4448125093.256668,4.448125093256668,,,,,,,,28.170559,24.51411,4.1027107,6.61857,,,,,,,Industrials,Electrical Equipment & Parts,United States,17800,2015-Q3
HUBB,HUBBELL INC,2015-08-01 00:00:00-04:00,2015,3,8,79.10400390625,84.01042663003447,85.5176255034294,64.40077933063918,4788086,53140009,4203587479.51416,4.203587479514161,,,,,,,,28.170559,24.51411,4.1027107,6.61857,,,,,,,Industrials,Electrical Equipment & Parts,United States,17800,2015-Q3
HUBB,HUBBELL INC,2015-09-01 00:00:00-04:00,2015,3,9,68.50194549560547,78.0333522518205,79.51709393524234,66.4618060640651,7860512,53140009,3640194000.153984,3.640194000153984,,,,,,,,28.170559,24.51411,4.1027107,6.61857,,,,,,,Industrials,Electrical Equipment & Parts,United States,17800,2015-Q3
HUBB,HUBBELL INC,2015-10-01 00:00:00-04:00,2015,4,10,78.09788513183594,68.4535831246904,78.5817117983248,67.61494736508776,6476759,53140009,4150122318.786728,4.150122318786728,,,,,,,,28.170559,24.51411,4.1027107,6.61857,,,,,,,Industrials,Electrical Equipment & Parts,United States,17800,2015-Q4
HUBB,HUBBELL INC,2015-11-01 00:00:00-04:00,2015,4,11,80.06541442871094,78.6139289922817,81.22660277785432,73.46116492123814,5733652,53140009,4254676843.330429,4.254676843330429,,,,,,,,28.170559,24.51411,4.1027107,6.61857,,,,,,,Industrials,Electrical Equipment & Parts,United States,17800,2015-Q4
HUBB,HUBBELL INC,2015-12-01 00:00:00-05:00,2015,4,12,82.00074005126953,80.58049763450933,84.78441543579015,74.25838921917632,6383046,53140009,4357520064.331123,4.357520064331124,,,,,,,,28.170559,24.51411,4.1027107,6.61857,,,,,,,Industrials,Electrical Equipment & Parts,United States,17800,2015-Q4
HUBB,HUBBELL INC,2016-01-01 00:00:00-05:00,2016,1,1,73.39000701904297,82.00073373183702,83.50213150406721,67.489917415344,8157576,53140009,3899945633.5020065,3.8999456335020066,,,,,,,,28.170559,24.51411,4.1027107,6.61857,,,,-12.80903929893913,,,Industrials,Electrical Equipment & Parts,United States,17800,2016-Q1
HUBB,HUBBELL INC,2016-02-01 00:00:00-05:00,2016,1,2,80.63733673095703,72.68397379622823,81.29470433846863,70.24935210818305,6587705,53140009,4285068799.619087,4.285068799619087,,,,,,,,28.170559,24.51411,4.1027107,6.61857,,,,-10.731512275824695,,,Industrials,Electrical Equipment & Parts,United States,17800,2016-Q1
HUBB,HUBBELL INC,2016-03-01 00:00:00-05:00,2016,1,3,86.53311157226562,81.95036062978016,87.12944369490961,79.8458877851897,6624600,53140009,4598370327.748199,4.598370327748199,,,,,,,,28.170559,24.51411,4.1027107,6.61857,,,,-1.0307418033884796,,,Industrials,Electrical Equipment & Parts,United States,17800,2016-Q1
HUBB,HUBBELL INC,2016-04-01 00:00:00-04:00,2016,2,4,86.39424896240234,85.70805843277698,90.8626362330204,85.1362381850669,4983241,53140009,4590991167.410301,4.590991167410301,,,,,,,,28.170559,24.51411,4.1027107,6.61857,,,,-0.47228756991147813,,,Industrials,Electrical Equipment & Parts,United States,17800,2016-Q2
HUBB,HUBBELL INC,2016-05-01 00:00:00-04:00,2016,2,5,86.81087493896484,86.69651086735277,88.33029044166743,83.4697987010311,3881787,53140009,4613130675.554466,4.6131306755544665,,,,,,,,28.170559,24.51411,4.1027107,6.61857,,,,0.7482578973358134,,,Industrials,Electrical Equipment & Parts,United States,17800,2016-Q2
HUBB,HUBBELL INC,2016-06-01 00:00:00-04:00,2016,2,6,86.67123413085938,86.75340907219783,87.5217544915089,79.99852481971085,6629761,53140009,4605710161.754974,4.605710161754974,,,,,,,,28.170559,24.51411,4.1027107,6.61857,,,,-0.15794317227336707,,,Industrials,Electrical Equipment & Parts,United States,17800,2016-Q2
HUBB,HUBBELL INC,2016-07-01 00:00:00-04:00,2016,3,7,88.61056518554688,86.69585892915084,88.67630762591835,84.94550877368353,3527513,53140009,4708766231.455048,4.708766231455048,,,,,,,,28.170559,24.51411,4.1027107,6.61857,,,,5.859573027600096,,,Industrials,Electrical Equipment & Parts,United States,17800,2016-Q3
HUBB,HUBBELL INC,2016-08-01 00:00:00-04:00,2016,3,8,89.0050277709961,88.57771434933423,89.79391842836496,85.61937281681456,3602103,53140009,4729727976.795982,4.729727976795982,,,,,,,,28.170559,24.51411,4.1027107,6.61857,,,,12.516463612234197,,,Industrials,Electrical Equipment & Parts,United States,17800,2016-Q3
HUBB,HUBBELL INC,2016-09-01 00:00:00-04:00,2016,3,9,89.05651092529297,89.63512579954687,90.3707879671659,84.08045832232781,3724423,53140009,4732463792.078667,4.732463792078667,,,,,,,,28.170559,24.51411,4.1027107,6.61857,,,,30.005812653899167,,,Industrials,Electrical Equipment & Parts,United States,17800,2016-Q3
HUBB,HUBBELL INC,2016-10-01 00:00:00-04:00,2016,4,10,86.3948974609375,88.46136560664492,89.0482481096229,83.60930243659449,4116172,53140009,4591025628.628296,4.591025628628296,,,,,,,,28.170559,24.51411,4.1027107,6.61857,,,,10.623863008704394,,,Industrials,Electrical Equipment & Parts,United States,17800,2016-Q4
HUBB,HUBBELL INC,2016-11-01 00:00:00-04:00,2016,4,11,92.80921173095703,86.86604762171756,93.85071339032858,83.98952763764758,8515981,53140009,4931882346.665962,4.9318823466659625,,,,,,,,28.170559,24.51411,4.1027107,6.61857,,,,15.916731828813525,,,Industrials,Electrical Equipment & Parts,United States,17800,2016-Q4
HUBB,HUBBELL INC,2016-12-01 00:00:00-05:00,2016,4,12,97.06303405761719,94.21851471374305,99.01760756598077,93.11231063147895,5960823,53140009,5157930503.389084,5.157930503389084,,,,,,,,28.170559,24.51411,4.1027107,6.61857,,,,18.36848545138765,,,Industrials,Electrical Equipment & Parts,United States,17800,2016-Q4
HUBB,HUBBELL INC,2017-01-01 00:00:00-05:00,2017,1,1,101.5377426147461,97.06302486520775,103.96639610480918,95.71562443287678,5671397,53140009,5395716556.387291,5.395716556387291,,,,,,,,28.170559,24.51411,4.1027107,6.61857,,,,38.35363524137483,,,Industrials,Electrical Equipment & Parts,United States,17800,2017-Q1
HUBB,HUBBELL INC,2017-02-01 00:00:00-05:00,2017,1,2,98.65995788574219,102.3694783009843,104.73991096765626,98.50192692609555,4893296,53140009,5242791049.987961,5.242791049987961,,,,,,,,28.170559,24.51411,4.1027107,6.61857,,,,22.350218751540417,,,Industrials,Electrical Equipment & Parts,United States,17800,2017-Q1
HUBB,HUBBELL INC,2017-03-01 00:00:00-05:00,2017,1,3,100.4327163696289,100.6920574448982,102.89228869430141,96.71825160875788,4239934,53140009,5336995451.776527,5.336995451776527,,,,,,,,28.170559,24.51411,4.1027107,6.61857,,,,16.06275857277526,,,Industrials,Electrical Equipment & Parts,United States,17800,2017-Q1
HUBB,HUBBELL INC,2017-04-01 00:00:00-04:00,2017,2,4,94.64350128173828,100.77571249481342,102.54920405841742,94.5514757963714,5294559,53140009,5029356509.903084,5.029356509903084,,,,,,,,28.170559,24.51411,4.1027107,6.61857,,,,9.548381308258037,,,Industrials,Electrical Equipment & Parts,United States,17800,2017-Q2
HUBB,HUBBELL INC,2017-05-01 00:00:00-04:00,2017,2,5,96.96925354003906,95.02835653952886,98.61733223896418,91.60670284842129,7284800,53140009,5152947005.840958,5.152947005840957,,,,,,,,28.170559,24.51411,4.1027107,6.61857,,,,11.701735074339936,,,Industrials,Electrical Equipment & Parts,United States,17800,2017-Q2
HUBB,HUBBELL INC,2017-06-01 00:00:00-04:00,2017,2,6,95.24701690673828,97.79714812197656,101.52555954541792,94.12765038788983,6374357,53140009,5061427335.647224,5.061427335647225,,,,,,,,28.170559,24.51411,4.1027107,6.61857,,,,9.894612511148605,,,Industrials,Electrical Equipment & Parts,United States,17800,2017-Q2
HUBB,HUBBELL INC,2017-07-01 00:00:00-04:00,2017,3,7,99.97698974609375,95.44903346952574,102.19888712697066,94.44749410623454,6492112,53140009,5312778134.90033,5.31277813490033,,,,,,,,28.170559,24.51411,4.1027107,6.61857,,,,12.827392012167005,,,Industrials,Electrical Equipment & Parts,United States,17800,2017-Q3
HUBB,HUBBELL INC,2017-08-01 00:00:00-04:00,2017,3,8,94.92720031738281,100.1284603773971,101.20574293384749,92.0993303961453,5377124,53140009,5044432279.2105255,5.044432279210525,,,,,,,,28.170559,24.51411,4.1027107,6.61857,,,,6.653750574208095,,,Industrials,Electrical Equipment & Parts,United States,17800,2017-Q3
HUBB,HUBBELL INC,2017-09-01 00:00:00-04:00,2017,3,9,98.26936340332031,96.08409883585618,98.71828077867603,92.59020868099104,6115667,53140009,5222034855.676712,5.222034855676712,,,,,,,,28.170559,24.51411,4.1027107,6.61857,,,,10.344951067930053,,,Industrials,Electrical Equipment & Parts,United States,17800,2017-Q3
HUBB,HUBBELL INC,2017-10-01 00:00:00-04:00,2017,4,10,106.57001495361328,98.3710181345408,107.85737384355875,97.13439339569244,8418338,53140009,5663131553.765144,5.663131553765145,,,,,,,,28.170559,24.51411,4.1027107,6.61857,,,,23.352209546631777,,,Industrials,Electrical Equipment & Parts,United States,17800,2017-Q4
HUBB,HUBBELL INC,2017-11-01 00:00:00-04:00,2017,4,11,106.54459381103516,107.1967838020859,107.95061656122421,101.1491780365689,6185393,53140009,5661780674.0197525,5.661780674019752,,,,,,,,28.170559,24.51411,4.1027107,6.61857,,,,14.799589204458897,,,Industrials,Electrical Equipment & Parts,United States,17800,2017-Q4
HUBB,HUBBELL INC,2017-12-01 00:00:00-05:00,2017,4,12,115.33782958984375,107.13106874885483,118.4228314455809,104.47217740230337,6353050,53140009,6129053302.444763,6.129053302444763,,,,,,,,28.170559,24.51411,4.1027107,6.61857,,,,18.827760444185728,,,Industrials,Electrical Equipment & Parts,United States,17800,2017-Q4
HUBB,HUBBELL INC,2018-01-01 00:00:00-05:00,2018,1,1,115.85765838623047,115.33781106062582,127.00453898829875,113.25842175820725,8130069,53140009,6156677009.363213,6.156677009363213,,,,,,,,28.170559,24.51411,4.1027107,6.61857,,,,14.103047204640863,,,Industrials,Electrical Equipment & Parts,United States,17800,2018-Q1
HUBB,HUBBELL INC,2018-02-01 00:00:00-05:00,2018,1,2,111.68184661865234,115.88322527585257,119.20684385004341,108.00030879282386,6867794,53140009,5934774334.451805,5.934774334451805,,,,,,,,28.170559,24.51411,4.1027107,6.61857,,,,13.198757643897196,,,Industrials,Electrical Equipment & Parts,United States,17800,2018-Q1
HUBB,HUBBELL INC,2018-03-01 00:00:00-05:00,2018,1,3,104.37984466552734,112.35961235105356,113.06245549429966,101.42278973726532,10635653,53140009,5546745884.944725,5.546745884944725,,,,,,,,28.170559,24.51411,4.1027107,6.61857,,,,3.9301220145949056,,,Industrials,Electrical Equipment & Parts,United States,17800,2018-Q1
HUBB,HUBBELL INC,2018-04-01 00:00:00-04:00,2018,2,4,89.02029418945312,104.30271282098911,105.26268099195835,87.2117743168401,10483217,53140009,4730539234.410187,4.730539234410187,,,,,,,,28.170559,24.51411,4.1027107,6.61857,,,,-5.9414613957970435,,,Industrials,Electrical Equipment & Parts,United States,17800,2018-Q2
HUBB,HUBBELL INC,2018-05-01 00:00:00-04:00,2018,2,5,92.30303955078125,89.12313255417992,95.73151155220043,86.18321755139131,12766595,53140009,4904984352.455872,4.904984352455871,,,,,,,,28.170559,24.51411,4.1027107,6.61857,,,,-4.812055181316943,,,Industrials,Electrical Equipment & Parts,United States,17800,2018-Q2
HUBB,HUBBELL INC,2018-06-01 00:00:00-04:00,2018,2,6,91.27898406982422,93.88597222422077,98.38345125810605,90.34668999454112,11147695,53140009,4850566034.981316,4.850566034981315,,,,,,,,28.170559,24.51411,4.1027107,6.61857,,,,-4.166044214066444,,,Industrials,Electrical Equipment & Parts,United States,17800,2018-Q2
HUBB,HUBBELL INC,2018-07-01 00:00:00-04:00,2018,3,7,106.39430236816406,90.32077537168622,107.05899409769654,89.9236858651348,11712993,53140009,5653794185.39296,5.653794185392959,,,,,,,,28.170559,24.51411,4.1027107,6.61857,,,,6.418789601855401,,,Industrials,Electrical Equipment & Parts,United States,17800,2018-Q3
HUBB,HUBBELL INC,2018-08-01 00:00:00-04:00,2018,3,8,109.0789794921875,105.9540491071861,110.40836954814952,100.76598275396694,7549343,53140009,5796457951.925659,5.796457951925659,,,,,,,,28.170559,24.51411,4.1027107,6.61857,,,,14.908033869627623,,,Industrials,Electrical Equipment & Parts,United States,17800,2018-Q3
HUBB,HUBBELL INC,2018-09-01 00:00:00-04:00,2018,3,9,116.00729370117188,109.74530881999448,119.56818923172165,108.26015230922452,7084563,53140009,6164628631.345917,6.164628631345916,,,,,,,,28.170559,24.51411,4.1027107,6.61857,,,,18.050315666593853,,,Industrials,Electrical Equipment & Parts,United States,17800,2018-Q3
HUBB,HUBBELL INC,2018-10-01 00:00:00-04:00,2018,4,10,88.32777404785156,116.92791551805206,117.09293511703605,84.26313273119725,17909800,53140009,4693738707.852798,4.693738707852798,,,,,,,,28.170559,24.51411,4.1027107,6.61857,,,,-17.117611284658274,,,Industrials,Electrical Equipment & Parts,United States,17800,2018-Q4
HUBB,HUBBELL INC,2018-11-01 00:00:00-04:00,2018,4,11,95.67539978027344,88.84888674769226,97.12581496849592,88.5883301848923,9394072,53140009,5084191605.4023285,5.084191605402329,,,,,,,,28.170559,24.51411,4.1027107,6.61857,,,,-10.201544388107619,,,Industrials,Electrical Equipment & Parts,United States,17800,2018-Q4
HUBB,HUBBELL INC,2018-12-01 00:00:00-05:00,2018,4,12,86.9587631225586,97.92709309421916,99.00378839375414,80.42854048116992,8124197,53140009,4620989454.961632,4.620989454961632,,,,,,,,28.170559,24.51411,4.1027107,6.61857,,,,-24.605167765168456,,,Industrials,Electrical Equipment & Parts,United States,17800,2018-Q4
HUBB,HUBBELL INC,2019-01-01 00:00:00-05:00,2019,1,1,95.70368957519531,86.9587854449486,96.80664504148184,84.10509938372284,8851368,53140009,5085694925.359085,5.0856949253590855,,,,,,,,28.170559,24.51411,4.1027107,6.61857,,,,-17.3954567110692,,,Industrials,Electrical Equipment & Parts,United States,17800,2019-Q1
HUBB,HUBBELL INC,2019-02-01 00:00:00-05:00,2019,1,2,103.33685302734375,96.04506012026694,106.68512187319241,94.7670278719657,7054659,53140009,5491321299.904724,5.491321299904724,,,,,,,,28.170559,24.51411,4.1027107,6.61857,,,,-7.472112831195677,,,Industrials,Electrical Equipment & Parts,United States,17800,2019-Q1
HUBB,HUBBELL INC,2019-03-01 00:00:00-05:00,2019,1,3,104.00959014892578,105.02340935933248,109.35200279885544,100.67718714721659,7643626,53140009,5527070556.600227,5.527070556600227,,,,,,,,28.170559,24.51411,4.1027107,6.61857,,,,-0.354718401610965,,,Industrials,Electrical Equipment & Parts,United States,17800,2019-Q1
HUBB,HUBBELL INC,2019-04-01 00:00:00-04:00,2019,2,4,112.49044799804688,105.30551591502007,113.75332321472743,104.08011108799512,6505419,53140009,5977743419.030243,5.977743419030243,,,,,,,,28.170559,24.51411,4.1027107,6.61857,,,,26.364947478879962,,,Industrials,Electrical Equipment & Parts,United States,17800,2019-Q2
HUBB,HUBBELL INC,2019-05-01 00:00:00-04:00,2019,2,5,100.97693634033203,112.73729909766143,115.10436384162722,100.13501946999405,6920546,53140009,5365915305.917671,5.365915305917671,,,,,,,,28.170559,24.51411,4.1027107,6.61857,,,,9.397195186382534,,,Industrials,Electrical Equipment & Parts,United States,17800,2019-Q2
HUBB,HUBBELL INC,2019-06-01 00:00:00-04:00,2019,2,6,115.78800964355469,101.60753526848802,115.78800964355469,101.60753526848802,5834032,53140009,6152975874.550583,6.152975874550583,,,,,,,,28.170559,24.51411,4.1027107,6.61857,,,,26.850677429738035,,,Industrials,Electrical Equipment & Parts,United States,17800,2019-Q2
HUBB,HUBBELL INC,2019-07-01 00:00:00-04:00,2019,3,7,115.32625579833984,117.33300583529412,118.87803440821581,109.92755068545316,5881944,53140009,6128438271.0600815,6.128438271060081,,,,,,,,28.170559,24.51411,4.1027107,6.61857,,,,8.395142626404816,,,Industrials,Electrical Equipment & Parts,United States,17800,2019-Q3
HUBB,HUBBELL INC,2019-08-01 00:00:00-04:00,2019,3,8,116.44507598876953,115.31738234303928,117.395183391218,108.57788482562569,5097151,53140009,6187892386.048897,6.187892386048897,,,,,,,,28.170559,24.51411,4.1027107,6.61857,,,,6.752993593151113,,,Industrials,Electrical Equipment & Parts,United States,17800,2019-Q3
HUBB,HUBBELL INC,2019-09-01 00:00:00-04:00,2019,3,9,117.4531021118164,117.22070361274213,123.32576403701223,113.31453616476213,5983168,53140009,6241458903.299843,6.241458903299843,,,,,,,,28.170559,24.51411,4.1027107,6.61857,,,,1.2463081971111567,,,Industrials,Electrical Equipment & Parts,United States,17800,2019-Q3
HUBB,HUBBELL INC,2019-10-01 00:00:00-04:00,2019,4,10,126.65985107421875,118.31120907937748,129.03681067763543,110.67765038191695,6609132,53140009,6730705626.022644,6.730705626022644,,,,,,,,28.170559,24.51411,4.1027107,6.61857,,,,43.3975354180224,,,Industrials,Electrical Equipment & Parts,United States,17800,2019-Q4
HUBB,HUBBELL INC,2019-11-01 00:00:00-04:00,2019,4,11,131.4152069091797,127.65205300281346,133.46213884206188,126.60623918845411,4216816,53140009,6983405277.890671,6.983405277890671,,,,,,,,28.170559,24.51411,4.1027107,6.61857,,,,37.355273362834865,,,Industrials,Electrical Equipment & Parts,United States,17800,2019-Q4
HUBB,HUBBELL INC,2019-12-01 00:00:00-05:00,2019,4,12,132.9430389404297,132.65523793882696,133.99528562171398,128.94988924338753,4364341,53140009,7064594285.781784,7.0645942857817845,,,,,,,,28.170559,24.51411,4.1027107,6.61857,,,,52.88055414617781,,,Industrials,Electrical Equipment & Parts,United States,17800,2019-Q4
HUBB,HUBBELL INC,2020-01-01 00:00:00-05:00,2020,1,1,128.8150177001953,132.9430805550957,134.7957554827512,128.60816924248627,5201388,53140009,6845231199.923538,6.845231199923538,,,,,,,,28.170559,24.51411,4.1027107,6.61857,,,,34.59775508339635,,,Industrials,Electrical Equipment & Parts,United States,17800,2020-Q1
HUBB,HUBBELL INC,2020-02-01 00:00:00-05:00,2020,1,2,119.83045959472656,129.6514468763987,139.40048387445879,114.35336604739157,7878616,53140009,6367791701.337906,6.3677917013379055,,,,,,,,28.170559,24.51411,4.1027107,6.61857,,,,15.961011085772547,,,Industrials,Electrical Equipment & Parts,United States,17800,2020-Q1
HUBB,HUBBELL INC,2020-03-01 00:00:00-05:00,2020,1,3,103.8858642578125,121.23336978415998,127.32673757914088,77.5205521063859,9748839,53140009,5520495761.632935,5.520495761632935,,,,,,,,28.170559,24.51411,4.1027107,6.61857,,,,-0.11895623368587405,,,Industrials,Electrical Equipment & Parts,United States,17800,2020-Q1
HUBB,HUBBELL INC,2020-04-01 00:00:00-04:00,2020,2,4,112.65921020507812,99.15965838792528,121.78023085041582,96.977642403218,6168114,53140009,5986711444.230743,5.986711444230743,,,,,,,,28.170559,24.51411,4.1027107,6.61857,,,,0.15002358869988797,,,Industrials,Electrical Equipment & Parts,United States,17800,2020-Q2
HUBB,HUBBELL INC,2020-05-01 00:00:00-04:00,2020,2,5,110.83934783935547,110.02448438832702,114.04447280828644,95.37507490711377,7014230,53140009,5890003941.73748,5.89000394173748,,,,,,,,28.170559,24.51411,4.1027107,6.61857,,,,9.766994183486833,,,Industrials,Electrical Equipment & Parts,United States,17800,2020-Q2
HUBB,HUBBELL INC,2020-06-01 00:00:00-04:00,2020,2,6,114.331298828125,111.4949043848691,127.57388768723276,106.86182202553657,8481893,53140009,6075566248.708252,6.075566248708252,,,,,,,,28.170559,24.51411,4.1027107,6.61857,,,,-1.258084338710086,,,Industrials,Electrical Equipment & Parts,United States,17800,2020-Q2
HUBB,HUBBELL INC,2020-07-01 00:00:00-04:00,2020,3,7,123.09585571289062,115.1247694993675,123.54730304913434,111.47667423080173,5681795,53140009,6541314880.445709,6.541314880445709,,,,,,,,28.170559,24.51411,4.1027107,6.61857,,,,6.737060750621038,,,Industrials,Electrical Equipment & Parts,United States,17800,2020-Q3
HUBB,HUBBELL INC,2020-08-01 00:00:00-04:00,2020,3,8,132.17050170898438,124.06260980746359,135.90524068688768,123.51538990177698,4219177,53140009,7023541650.349945,7.023541650349945,,,,,,,,28.170559,24.51411,4.1027107,6.61857,,,,13.504586249513428,,,Industrials,Electrical Equipment & Parts,United States,17800,2020-Q3
HUBB,HUBBELL INC,2020-09-01 00:00:00-04:00,2020,3,9,125.57648468017578,132.65186882150016,137.64409625153124,120.29977606986525,6825354,53140009,6673135526.092903,6.673135526092903,,,,,,,,28.170559,24.51411,4.1027107,6.61857,,,,6.916277579987495,,,Industrials,Electrical Equipment & Parts,United States,17800,2020-Q3
HUBB,HUBBELL INC,2020-10-01 00:00:00-04:00,2020,4,10,133.53286743164062,126.8520953294007,141.51676971019222,122.52060387812638,6700695,53140009,7095937777.11319,7.09593777711319,,,,,,,,28.170559,24.51411,4.1027107,6.61857,,,,5.426357523027958,,,Industrials,Electrical Equipment & Parts,United States,17800,2020-Q4
HUBB,HUBBELL INC,2020-11-01 00:00:00-04:00,2020,4,11,148.28932189941406,135.29484582580423,152.67587300855442,134.12939119417402,6345470,53140009,7880095900.33876,7.880095900338761,,,,,,,,28.170559,24.51411,4.1027107,6.61857,,,,12.840306222624577,,,Industrials,Electrical Equipment & Parts,United States,17800,2020-Q4
HUBB,HUBBELL INC,2020-12-01 00:00:00-05:00,2020,4,12,144.7570343017578,150.29656005596527,151.96766215885486,140.95323112527961,6129703,53140009,7692390105.608719,7.692390105608719,,,,,,,,28.170559,24.51411,4.1027107,6.61857,,,,8.88650918129068,,,Industrials,Electrical Equipment & Parts,United States,17800,2020-Q4
HUBB,HUBBELL INC,2021-01-01 00:00:00-05:00,2021,1,1,143.65838623046875,144.75704710183143,158.95670388212542,141.87649796300997,5749468,53140009,7634007937.212585,7.634007937212585,,,,,,,,28.170559,24.51411,4.1027107,6.61857,,,,11.523010899878127,,,Industrials,Electrical Equipment & Parts,United States,17800,2021-Q1
HUBB,HUBBELL INC,2021-02-01 00:00:00-05:00,2021,1,2,163.88687133789062,145.73570188452612,166.45351725283135,137.62952997974332,7375561,53140009,8708949817.87735,8.70894981787735,,,,,,,,28.170559,24.51411,4.1027107,6.61857,,,,36.765620270643495,,,Industrials,Electrical Equipment & Parts,United States,17800,2021-Q1
HUBB,HUBBELL INC,2021-03-01 00:00:00-05:00,2021,1,3,173.5023193359375,167.17087064917442,177.84707953611073,160.7094371246766,6724823,53140009,9219914811.032593,9.219914811032593,,,,,,,,28.170559,24.51411,4.1027107,6.61857,,,,67.01244252573049,,,Industrials,Electrical Equipment & Parts,United States,17800,2021-Q1
HUBB,HUBBELL INC,2021-04-01 00:00:00-04:00,2021,2,4,178.25552368164062,173.6322656651773,182.39604165022857,169.97450191020354,4943559,53140009,9472500132.742096,9.472500132742097,,,,,,,,28.170559,24.51411,4.1027107,6.61857,,,,58.225433461813616,,,Industrials,Electrical Equipment & Parts,United States,17800,2021-Q2
HUBB,HUBBELL INC,2021-05-01 00:00:00-04:00,2021,2,5,176.98367309570312,179.5831004266192,186.6572439910804,171.5785369378966,3451815,53140009,9404913981.158722,9.404913981158723,,,,,,,,28.170559,24.51411,4.1027107,6.61857,,,,59.6758520739527,,,Industrials,Electrical Equipment & Parts,United States,17800,2021-Q2
HUBB,HUBBELL INC,2021-06-01 00:00:00-04:00,2021,2,6,174.35824584960938,179.33217963173843,179.78945055830303,162.6373125103077,5851325,53140009,9265398753.672455,9.265398753672455,,,,,,,,28.170559,24.51411,4.1027107,6.61857,,,,52.50263719274568,,,Industrials,Electrical Equipment & Parts,United States,17800,2021-Q2
HUBB,HUBBELL INC,2021-07-01 00:00:00-04:00,2021,3,7,187.06838989257812,175.52475102953332,187.3576782404506,169.44965300590803,4805073,53140009,9940815922.50711,9.940815922507111,,,,,,,,28.170559,24.51411,4.1027107,6.61857,,,,51.96968964487103,,,Industrials,Electrical Equipment & Parts,United States,17800,2021-Q3
HUBB,HUBBELL INC,2021-08-01 00:00:00-04:00,2021,3,8,192.3409423828125,187.92693125764904,195.64444848473534,183.73687795940162,4479812,53140009,10220999409.291138,10.220999409291137,,,,,,,,28.170559,24.51411,4.1027107,6.61857,,,,45.524863638872006,,,Industrials,Electrical Equipment & Parts,United States,17800,2021-Q3
HUBB,HUBBELL INC,2021-09-01 00:00:00-04:00,2021,3,9,169.3977813720703,193.32556212246448,193.65840924291138,167.89761586557123,5910198,53140009,9001799626.691849,9.001799626691849,,,,,,,,28.170559,24.51411,4.1027107,6.61857,,,,34.896100813381345,,,Industrials,Electrical Equipment & Parts,United States,17800,2021-Q3
HUBB,HUBBELL INC,2021-10-01 00:00:00-04:00,2021,4,10,186.93109130859375,170.03538837338232,187.63899064221462,166.96003216973477,5023087,53140009,9933519874.518494,9.933519874518494,,,,,,,,28.170559,24.51411,4.1027107,6.61857,,,,39.988824402568326,,,Industrials,Electrical Equipment & Parts,United States,17800,2021-Q4
HUBB,HUBBELL INC,2021-11-01 00:00:00-04:00,2021,4,11,183.49008178710938,187.69995142437432,199.27941420161827,182.1024244476842,3999141,53140009,9750664597.577728,9.750664597577728,,,,,,,,28.170559,24.51411,4.1027107,6.61857,,,,23.73789254466501,,,Industrials,Electrical Equipment & Parts,United States,17800,2021-Q4
HUBB,HUBBELL INC,2021-12-01 00:00:00-05:00,2021,4,12,196.287109375,187.00382716573927,199.28413994761283,184.6900748104186,4119760,53140009,10430698758.771484,10.430698758771484,,,,,,,,28.170559,24.51411,4.1027107,6.61857,,,,35.59763110773848,,,Industrials,Electrical Equipment & Parts,United States,17800,2021-Q4
HUBB,HUBBELL INC,2022-01-01 00:00:00-05:00,2022,1,1,176.51417541503906,197.4651722615401,199.6611163411355,169.01216581297078,7805515,53140009,9379964870.182755,9.379964870182755,,,,,,,,28.170559,24.51411,4.1027107,6.61857,,,,22.87077701949145,,,Industrials,Electrical Equipment & Parts,United States,17800,2022-Q1
HUBB,HUBBELL INC,2022-02-01 00:00:00-05:00,2022,1,2,167.9943389892578,177.7300014260929,182.23498170826647,160.93527294802354,6370356,53140009,8927220685.838211,8.927220685838211,,,,,,,,28.170559,24.51411,4.1027107,6.61857,,,,2.506282301831675,,,Industrials,Electrical Equipment & Parts,United States,17800,2022-Q1
HUBB,HUBBELL INC,2022-03-01 00:00:00-05:00,2022,1,3,174.23536682128906,168.91643287403258,182.22325093221892,165.5032078132389,7900474,53140009,9258868961.001602,9.258868961001602,,,,,,,,28.170559,24.51411,4.1027107,6.61857,,,,0.4225001072937884,,,Industrials,Electrical Equipment & Parts,United States,17800,2022-Q1
HUBB,HUBBELL INC,2022-04-01 00:00:00-04:00,2022,2,4,185.2240447998047,175.60066786324384,193.27355930074333,170.35046682212848,7092692,53140009,9842807407.678024,9.842807407678023,,,,,,,,28.170559,24.51411,4.1027107,6.61857,,,,3.909287619389379,,,Industrials,Electrical Equipment & Parts,United States,17800,2022-Q2
HUBB,HUBBELL INC,2022-05-01 00:00:00-04:00,2022,2,5,180.0093536376953,185.21451711138582,190.2110793834767,170.83158072129325,5693780,53140009,9565698672.391312,9.565698672391312,,,,,,,,28.170559,24.51411,4.1027107,6.61857,,,,1.7095817309408234,,,Industrials,Electrical Equipment & Parts,United States,17800,2022-Q2
HUBB,HUBBELL INC,2022-06-01 00:00:00-04:00,2022,2,6,170.27220153808594,182.37184668909285,194.69078783332907,162.29159071462524,6455867,53140009,9048266322.1837,9.0482663221837,,,,,,,,28.170559,24.51411,4.1027107,6.61857,,,,-2.343476381981846,,,Industrials,Electrical Equipment & Parts,United States,17800,2022-Q2
HUBB,HUBBELL INC,2022-07-01 00:00:00-04:00,2022,3,7,208.8308868408203,169.7001169878106,210.21342789967818,168.97547849013588,5339265,53140009,11097275206.199173,11.097275206199173,,,,,,,,28.170559,24.51411,4.1027107,6.61857,,,,11.63344430383939,,,Industrials,Electrical Equipment & Parts,United States,17800,2022-Q3
HUBB,HUBBELL INC,2022-08-01 00:00:00-04:00,2022,3,8,196.70262145996094,207.41971070659187,215.1047597939752,195.98751257041837,6481106,53140009,10452779074.705917,10.452779074705917,,,,,,,,28.170559,24.51411,4.1027107,6.61857,,,,2.267681037180047,,,Industrials,Electrical Equipment & Parts,United States,17800,2022-Q3
HUBB,HUBBELL INC,2022-09-01 00:00:00-04:00,2022,3,9,213.68728637695312,196.4102392355732,222.76181042555618,195.49032340781562,10883715,53140009,11355344321.256866,11.355344321256867,,,,,,,,28.170559,24.51411,4.1027107,6.61857,,,,26.14526863702189,,,Industrials,Electrical Equipment & Parts,United States,17800,2022-Q3
HUBB,HUBBELL INC,2022-10-01 00:00:00-04:00,2022,4,10,227.56260681152344,214.39641154644298,232.59815772719756,201.1966597836754,13828862,53140009,12092678974.027817,12.092678974027816,,,,,,,,28.170559,24.51411,4.1027107,6.61857,,,,21.736092812860907,,,Industrials,Electrical Equipment & Parts,United States,17800,2022-Q4
HUBB,HUBBELL INC,2022-11-01 00:00:00-04:00,2022,4,11,243.45022583007812,228.50170449420767,250.6609692807332,222.25398140597292,12942835,53140009,12936947191.662384,12.936947191662384,,,,,,,,28.170559,24.51411,4.1027107,6.61857,,,,32.67759404703754,,,Industrials,Electrical Equipment & Parts,United States,17800,2022-Q4
HUBB,HUBBELL INC,2022-12-01 00:00:00-05:00,2022,4,12,225.89356994628906,241.94907811343825,253.44203198241405,221.61981595575273,8779465,53140009,12003986339.98793,12.00398633998793,,,,,,,,28.170559,24.51411,4.1027107,6.61857,,,,15.083242432760535,,,Industrials,Electrical Equipment & Parts,United States,17800,2022-Q4
HUBB,HUBBELL INC,2023-01-01 00:00:00-05:00,2023,1,1,220.33961486816406,228.63687743380586,230.31173713455613,212.32148824223057,9654012,53140009,11708849117.150772,11.708849117150772,,,,,,,,28.170559,24.51411,4.1027107,6.61857,,,,24.828283252649786,,,Industrials,Electrical Equipment & Parts,United States,17800,2023-Q1
HUBB,HUBBELL INC,2023-02-01 00:00:00-05:00,2023,1,2,242.122314453125,223.0347642718313,246.82441434839095,219.97381610594013,9692895,53140009,12866381969.139893,12.866381969139892,,,,,,,,28.170559,24.51411,4.1027107,6.61857,,,,44.1252817861959,,,Industrials,Electrical Equipment & Parts,United States,17800,2023-Q1
HUBB,HUBBELL INC,2023-03-01 00:00:00-05:00,2023,1,3,235.23992919921875,242.85857129910167,248.96895759808527,218.03515277668467,7804087,53140009,12500651954.805847,12.500651954805846,,,,,,,,28.170559,24.51411,4.1027107,6.61857,,,,35.012732197190054,,,Industrials,Electrical Equipment & Parts,United States,17800,2023-Q1
HUBB,HUBBELL INC,2023-04-01 00:00:00-04:00,2023,2,4,260.3872985839844,235.50102829722726,260.4356283998886,212.48075213887307,8454594,53140009,13836983390.238617,13.836983390238617,,,,,,,,28.170559,24.51411,4.1027107,6.61857,,,,40.57964173356554,,,Industrials,Electrical Equipment & Parts,United States,17800,2023-Q2
HUBB,HUBBELL INC,2023-05-01 00:00:00-04:00,2023,2,5,273.0914306640625,261.0253829972285,282.2231683997895,255.5627571486095,8754828,53140009,14512081083.311157,14.512081083311157,,,,,,,,28.170559,24.51411,4.1027107,6.61857,,,,51.709577944329176,,,Industrials,Electrical Equipment & Parts,United States,17800,2023-Q2
HUBB,HUBBELL INC,2023-06-01 00:00:00-04:00,2023,2,6,321.80181884765625,274.59336343299015,322.9665133635977,273.2248577435531,8527505,53140009,17100551549.780823,17.10055154978082,,,,,,,,28.170559,24.51411,4.1027107,6.61857,,,,88.9925753827037,,,Industrials,Electrical Equipment & Parts,United States,17800,2023-Q2
HUBB,HUBBELL INC,2023-07-01 00:00:00-04:00,2023,3,7,302.81744384765625,320.2585651155812,330.0516000497871,296.33405183803717,8886570,53140009,16091721691.421448,16.091721691421448,,,,,,,,28.170559,24.51411,4.1027107,6.61857,,,,45.006061329652084,,,Industrials,Electrical Equipment & Parts,United States,17800,2023-Q3
HUBB,HUBBELL INC,2023-08-01 00:00:00-04:00,2023,3,8,316.4540100097656,302.0410840822819,322.04449691751194,290.9765738074647,9331786,53140009,16816368940.005035,16.816368940005034,,,,,,,,28.170559,24.51411,4.1027107,6.61857,,,,60.879406517813095,,,Industrials,Electrical Equipment & Parts,United States,17800,2023-Q3
HUBB,HUBBELL INC,2023-09-01 00:00:00-04:00,2023,3,9,305.230224609375,318.4947475034167,323.0136610568598,294.8679068050877,8284402,53140009,16219936882.814209,16.21993688281421,,,,,,,,28.170559,24.51411,4.1027107,6.61857,,,,42.83967464069733,,,Industrials,Electrical Equipment & Parts,United States,17800,2023-Q3
HUBB,HUBBELL INC,2023-10-01 00:00:00-04:00,2023,4,10,263.0506286621094,305.152343887533,309.45699877308266,241.88775223996865,24397188,53140009,13978512774.56015,13.97851277456015,,,,,,,,28.170559,24.51411,4.1027107,6.61857,,,,15.594838865586812,,,Industrials,Electrical Equipment & Parts,United States,17800,2023-Q4
HUBB,HUBBELL INC,2023-11-01 00:00:00-04:00,2023,4,11,292.1701965332031,267.56945647435884,295.16007867745435,265.25156815982115,11191509,53140009,15525926873.306183,15.525926873306183,,,,,,,,28.170559,24.51411,4.1027107,6.61857,,,,20.012292260977517,,,Industrials,Electrical Equipment & Parts,United States,17800,2023-Q4
HUBB,HUBBELL INC,2023-12-01 00:00:00-05:00,2023,4,12,321.6758728027344,292.62109626949757,322.7222825178334,289.37430735541335,7184781,53140009,17093858775.82016,17.09385877582016,,,,,,,,28.170559,24.51411,4.1027107,6.61857,,,,42.40151805968606,,,Industrials,Electrical Equipment & Parts,United States,17800,2023-Q4
HUBB,HUBBELL INC,2024-01-01 00:00:00-05:00,2024,1,1,328.16943359375,321.67585610270027,339.6211759405795,308.41980171259297,8288539,53140009,17438926654.696777,17.43892665469678,,,,,,,,28.170559,24.51411,4.1027107,6.61857,,,,48.93800816984446,,88.0,Industrials,Electrical Equipment & Parts,United States,17800,2024-Q1
HUBB,HUBBELL INC,2024-02-01 00:00:00-05:00,2024,1,2,372.2748107910156,328.8833107638915,374.1426618586471,326.84919570275065,8523113,53140009,19782686795.907867,19.782686795907868,,,,,,,,28.170559,24.51411,4.1027107,6.61857,,,,53.75485387700116,,88.0,Industrials,Electrical Equipment & Parts,United States,17800,2024-Q1
HUBB,HUBBELL INC,2024-03-01 00:00:00-05:00,2024,1,3,407.24853515625,373.4460896874705,411.7571668180005,370.2277431329123,8581046,53140009,21641190823.43994,21.641190823439942,,,,,,,,28.170559,24.51411,4.1027107,6.61857,,,,73.12049724830581,,88.0,Industrials,Electrical Equipment & Parts,United States,17800,2024-Q1
HUBB,HUBBELL INC,2024-04-01 00:00:00-04:00,2024,2,4,363.5555725097656,407.8078639524077,421.53489369405156,361.62260008486567,9606810,53140009,19319346395.169098,19.3193463951691,1452500000.0,1452.5,513800000.0,217500000.0,306300000.0,354700000.0,3.3251887082907223,28.170559,24.51411,4.1027107,6.61857,,,,39.62108539349731,,,Industrials,Electrical Equipment & Parts,United States,17800,2024-Q2
HUBB,HUBBELL INC,2024-05-01 00:00:00-04:00,2024,2,5,381.5802917480469,360.8081978505791,407.9452283364906,359.0126083938239,9609771,53140009,20277180137.713837,20.277180137713838,1452500000.0,1452.5,513800000.0,217500000.0,306300000.0,354700000.0,3.490048216473982,28.170559,24.51411,4.1027107,6.61857,,0.0,,39.726204817257546,,,Industrials,Electrical Equipment & Parts,United States,17800,2024-Q2
HUBB,HUBBELL INC,2024-06-01 00:00:00-04:00,2024,2,6,359.7336730957031,385.69888265385663,386.51584962191566,357.86352222316253,11699099,53140009,19116250625.908722,19.116250625908723,1452500000.0,1452.5,513800000.0,217500000.0,306300000.0,354700000.0,3.2902324657329984,28.170559,24.51411,4.1027107,6.61857,,0.0,,11.78733370242513,,,Industrials,Electrical Equipment & Parts,United States,17800,2024-Q2
HUBB,HUBBELL INC,2024-07-01 00:00:00-04:00,2024,3,7,389.4292907714844,366.1117601473204,397.24445459602794,341.67216906967525,11854648,53140009,20694276016.460297,20.694276016460297,1442600000.0,1442.6,497100000.0,219400000.0,303800000.0,347500000.0,3.58628102323241,28.170559,24.51411,4.1027107,6.61857,,-0.6815834767642026,,28.602000539771243,,,Industrials,Electrical Equipment & Parts,United States,17800,2024-Q3
HUBB,HUBBELL INC,2024-08-01 00:00:00-04:00,2024,3,8,393.6321716308594,389.42928854284946,396.3389340724456,340.68788986285995,8860611,53140009,20917617143.15341,20.91761714315341,1442600000.0,1442.6,497100000.0,219400000.0,303800000.0,347500000.0,3.6249856410566705,28.170559,24.51411,4.1027107,6.61857,,0.0,-0.6815834767642026,24.388429022818215,,,Industrials,Electrical Equipment & Parts,United States,17800,2024-Q3
HUBB,HUBBELL INC,2024-09-01 00:00:00-04:00,2024,3,9,422.9197082519531,394.8501295506027,427.54284223265756,360.1753290752484,8010530,53140009,22473957102.786163,22.473957102786162,1442600000.0,1442.6,497100000.0,219400000.0,303800000.0,347500000.0,3.894696572644212,28.170559,24.51411,4.1027107,6.61857,,0.0,-0.6815834767642026,38.557611322140126,,,Industrials,Electrical Equipment & Parts,United States,17800,2024-Q3
HUBB,HUBBELL INC,2024-10-01 00:00:00-04:00,2024,4,10,421.6164245605469,423.5910700222979,455.916006589339,414.7841380053809,8341279,53140009,22404700595.695282,22.40470059569528,1334300000.0,1334.3,450600000.0,197000000.0,258100000.0,311700000.0,4.1978379291942,28.170559,24.51411,4.1027107,6.61857,,-7.507278524885619,-8.13769363166954,60.27957306352478,,,Industrials,Electrical Equipment & Parts,United States,17800,2024-Q4
HUBB,HUBBELL INC,2024-11-01 00:00:00-04:00,2024,4,11,454.25732421875,419.38507716666834,475.24287426585875,414.1720142084374,8947665,53140009,24139238297.300293,24.13923829730029,1334300000.0,1334.3,450600000.0,197000000.0,258100000.0,311700000.0,4.522828130349302,28.170559,24.51411,4.1027107,6.61857,,0.0,-7.507278524885619,55.47695473693766,,,Industrials,Electrical Equipment & Parts,United States,17800,2024-Q4
HUBB,HUBBELL INC,2024-12-01 00:00:00-05:00,2024,4,12,414.7728271484375,459.09286937097426,466.89542323688755,408.6337536409837,7314225,53140009,22041031767.623413,22.041031767623412,1334300000.0,1334.3,450600000.0,197000000.0,258100000.0,311700000.0,4.129699424346739,28.170559,24.51411,4.1027107,6.61857,,0.0,-7.507278524885619,28.941230044565458,,,Industrials,Electrical Equipment & Parts,United States,17800,2024-Q4
HUBB,HUBBELL INC,2025-01-01 00:00:00-05:00,2025,1,1,418.85235595703125,414.77285518511906,472.71271097145944,401.18770423748816,10954978,53140009,22257817965.227844,22.257817965227844,1365200000.0,1365.2,451200000.0,169700000.0,239000000.0,280400000.0,4.075926231546265,28.170559,24.51411,4.1027107,6.61857,,2.3158210297534287,-5.365312629973662,27.63295818572187,1.0,,Industrials,Electrical Equipment & Parts,United States,17800,2025-Q1
HUBB,HUBBELL INC,2025-02-01 00:00:00-05:00,2025,1,2,367.9377136230469,403.05908739513575,411.5547732370473,361.04613051248117,13597763,53140009,19552213413.368134,19.552213413368133,1365200000.0,1365.2,451200000.0,169700000.0,239000000.0,280400000.0,3.5804668571213254,28.170559,24.51411,4.1027107,6.61857,,0.0,2.3158210297534287,-1.1650256859316421,1.0,,Industrials,Electrical Equipment & Parts,United States,17800,2025-Q1
HUBB,HUBBELL INC,2025-03-01 00:00:00-05:00,2025,1,3,328.8330078125,369.8737713381888,371.8363810818647,314.35445086574424,15044806,53140009,17474188994.65332,17.47418899465332,1365200000.0,1365.2,451200000.0,169700000.0,239000000.0,280400000.0,3.199932060257347,28.170559,24.51411,4.1027107,6.61857,,0.0,2.3158210297534287,-19.25495626734769,1.0,,Industrials,Electrical Equipment & Parts,United States,17800,2025-Q1
HUBB,HUBBELL INC,2025-04-01 00:00:00-04:00,2025,2,4,360.90045166015625,327.03437204524,363.12641266409764,297.5456124018623,14954774,53140009,19178253249.324768,19.17825324932477,1484300000.0,1484.3,552100000.0,244200000.0,336300000.0,378200000.0,3.230184809224006,28.170559,24.51411,4.1027107,6.61857,,8.723996484031638,11.241849658997216,-0.7303204930349527,,,Industrials,Electrical Equipment & Parts,United States,17800,2025-Q2
HUBB,HUBBELL INC,2025-05-01 00:00:00-04:00,2025,2,5,387.134765625,363.6332122605543,398.75139510108835,338.8895045922157,15302581,53140009,20572344929.52539,20.57234492952539,1484300000.0,1484.3,552100000.0,244200000.0,336300000.0,378200000.0,3.464991061363166,28.170559,24.51411,4.1027107,6.61857,,0.0,8.723996484031638,1.4556500943766482,,,Industrials,Electrical Equipment & Parts,United States,17800,2025-Q2
HUBB,HUBBELL INC,2025-06-01 00:00:00-04:00,2025,2,6,407.2007141113281,387.19013346599496,413.0832383060307,373.5705766576455,10237223,53140009,21638649612.682404,21.638649612682404,1484300000.0,1484.3,552100000.0,244200000.0,336300000.0,378200000.0,3.6445882929128888,28.170559,24.51411,4.1027107,6.61857,,0.0,8.723996484031638,13.195050829449851,,,Industrials,Electrical Equipment & Parts,United States,17800,2025-Q2
HUBB,HUBBELL INC,2025-07-01 00:00:00-04:00,2025,3,7,436.18463134765625,404.25942319130115,446.45911090888677,400.84956686090896,13096787,53140009,23178855235.476135,23.178855235476135,,,,,,,,28.170559,24.51411,4.1027107,6.61857,,0.0,8.723996484031638,12.006118102607676,,,Industrials,Electrical Equipment & Parts,United States,17800,2025-Q3
HUBB,HUBBELL INC,2025-08-01 00:00:00-04:00,2025,3,8,429.7138366699219,427.6300287733796,449.0564179626418,414.33951205021435,9562616,53140009,22834997148.06418,22.83499714806418,,,,,,,,28.170559,24.51411,4.1027107,6.61857,,0.0,0.0,9.166340466931944,,,Industrials,Electrical Equipment & Parts,United States,17800,2025-Q3
HUBB,HUBBELL INC,2025-09-01 00:00:00-04:00,2025,3,9,430.30999755859375,430.989990234375,453.20001220703125,416.2200012207031,10464760,53140009,22866677143.05365,22.86667714305365,,,,,,,,28.170559,24.51411,4.1027107,6.61857,,0.0,0.0,1.747445002548309,,,Industrials,Electrical Equipment & Parts,United States,17800,2025-Q3
HUBB,HUBBELL INC,2025-10-01 00:00:00-04:00,2025,4,10,434.3900146484375,426.7900085449219,440.0799865722656,408.29998779296875,8757279,53140009,23083489287.9281,23.0834892879281,,,,,,,,28.170559,24.51411,4.1027107,6.61857,,0.0,0.0,3.029670891309477,,,Industrials,Electrical Equipment & Parts,United States,17800,2025-Q4
