ticker,company_name,date,year,quarter,month,close_price,open_price,high_price,low_price,volume,shares_outstanding,market_cap,market_cap_billions,revenue,revenue_millions,gross_profit,net_income,operating_income,ebitda,ps_ratio,current_pe,forward_pe,current_ps,current_pb,peg_ratio,revenue_qoq_pct,revenue_yoy_pct,market_cap_yoy_pct,sector,industry,country,employees,year_quarter
HUBS,HUBSPOT INC,2015-01-01 00:00:00-05:00,2015,1,1,33.650001525878906,33.91999816894531,35.59000015258789,31.770000457763672,2399800,52693110,1773123231.903305,1.773123231903305,,,,,,,,,51.442497,8.690037,11.986271,,,,,Technology,Software - Application,United States,8723,2015-Q1
HUBS,HUBSPOT INC,2015-02-01 00:00:00-05:00,2015,1,2,41.09000015258789,33.959999084472656,44.34000015258789,32.5099983215332,2717000,52693110,2165159897.9403305,2.1651598979403306,,,,,,,,,51.442497,8.690037,11.986271,,,,,Technology,Software - Application,United States,8723,2015-Q1
HUBS,HUBSPOT INC,2015-03-01 00:00:00-05:00,2015,1,3,39.900001525878906,41.220001220703125,43.290000915527344,36.54999923706055,6443200,52693110,2102455169.403305,2.102455169403305,,,,,,,,,51.442497,8.690037,11.986271,,,,,Technology,Software - Application,United States,8723,2015-Q1
HUBS,HUBSPOT INC,2015-04-01 00:00:00-04:00,2015,2,4,38.709999084472656,39.900001525878906,41.814998626708984,37.2400016784668,4806700,52693110,2039750239.858017,2.039750239858017,,,,,,,,,51.442497,8.690037,11.986271,,,,,Technology,Software - Application,United States,8723,2015-Q2
HUBS,HUBSPOT INC,2015-05-01 00:00:00-04:00,2015,2,5,50.79999923706055,38.88999938964844,54.91999816894531,38.32500076293945,5616800,52693110,2676809947.7983475,2.6768099477983474,,,,,,,,,51.442497,8.690037,11.986271,,,,,Technology,Software - Application,United States,8723,2015-Q2
HUBS,HUBSPOT INC,2015-06-01 00:00:00-04:00,2015,2,6,49.58000183105469,50.709999084472656,52.20000076293945,46.16999816894531,10422300,52693110,2612524490.283966,2.612524490283966,,,,,,,,,51.442497,8.690037,11.986271,,,,,Technology,Software - Application,United States,8723,2015-Q2
HUBS,HUBSPOT INC,2015-07-01 00:00:00-04:00,2015,3,7,53.95000076293945,49.97999954223633,55.06999969482422,46.709999084472656,4262400,52693110,2842793324.7016525,2.8427933247016526,,,,,,,,,51.442497,8.690037,11.986271,,,,,Technology,Software - Application,United States,8723,2015-Q3
HUBS,HUBSPOT INC,2015-08-01 00:00:00-04:00,2015,3,8,47.290000915527344,53.45000076293945,54.099998474121094,40.04999923706055,6140500,52693110,2491857220.141983,2.491857220141983,,,,,,,,,51.442497,8.690037,11.986271,,,,,Technology,Software - Application,United States,8723,2015-Q3
HUBS,HUBSPOT INC,2015-09-01 00:00:00-04:00,2015,3,9,46.369998931884766,46.25,52.79999923706055,44.0099983215332,7114400,52693110,2443379454.4176865,2.4433794544176863,,,,,,,,,51.442497,8.690037,11.986271,,,,,Technology,Software - Application,United States,8723,2015-Q3
HUBS,HUBSPOT INC,2015-10-01 00:00:00-04:00,2015,4,10,51.880001068115234,46.31999969482422,52.9900016784668,44.36000061035156,4456600,52693110,2733718603.0823135,2.7337186030823135,,,,,,,,,51.442497,8.690037,11.986271,,,,,Technology,Software - Application,United States,8723,2015-Q4
HUBS,HUBSPOT INC,2015-11-01 00:00:00-04:00,2015,4,11,54.209999084472656,51.720001220703125,58.41999816894531,49.72999954223633,7666300,52693110,2856493444.858017,2.856493444858017,,,,,,,,,51.442497,8.690037,11.986271,,,,,Technology,Software - Application,United States,8723,2015-Q4
HUBS,HUBSPOT INC,2015-12-01 00:00:00-05:00,2015,4,12,56.310001373291016,53.56999969482422,60.11000061035156,52.72999954223633,4927500,52693110,2967149096.4629745,2.9671490964629745,,,,,,,,,51.442497,8.690037,11.986271,,,,,Technology,Software - Application,United States,8723,2015-Q4
HUBS,HUBSPOT INC,2016-01-01 00:00:00-05:00,2016,1,1,40.59000015258789,55.439998626708984,55.97999954223633,38.04999923706055,6046100,52693110,2138813342.9403305,2.1388133429403307,,,,,,,,,51.442497,8.690037,11.986271,,,,20.624066306123943,Technology,Software - Application,United States,8723,2016-Q1
HUBS,HUBSPOT INC,2016-02-01 00:00:00-05:00,2016,1,2,41.65999984741211,40.220001220703125,42.540000915527344,27.0,13467000,52693110,2195194954.5596695,2.1951949545596694,,,,,,,,,51.442497,8.690037,11.986271,,,,1.3871980839803344,Technology,Software - Application,United States,8723,2016-Q1
HUBS,HUBSPOT INC,2016-03-01 00:00:00-05:00,2016,1,3,43.619998931884766,41.95000076293945,47.84000015258789,41.33000183105469,9798100,52693110,2298473401.9176865,2.2984734019176867,,,,,,,,,51.442497,8.690037,11.986271,,,,9.32330141289115,Technology,Software - Application,United States,8723,2016-Q1
HUBS,HUBSPOT INC,2016-04-01 00:00:00-04:00,2016,2,4,44.290000915527344,43.29999923706055,45.65999984741211,39.0099983215332,6551200,52693110,2333777890.141983,2.3337778901419832,,,,,,,,,51.442497,8.690037,11.986271,,,,14.414884947111606,Technology,Software - Application,United States,8723,2016-Q2
HUBS,HUBSPOT INC,2016-05-01 00:00:00-04:00,2016,2,5,47.7599983215332,44.7400016784668,48.470001220703125,42.029998779296875,6836500,52693110,2516622845.1563644,2.5166228451563644,,,,,,,,,51.442497,8.690037,11.986271,,,,-5.984253860597589,Technology,Software - Application,United States,8723,2016-Q2
HUBS,HUBSPOT INC,2016-06-01 00:00:00-04:00,2016,2,6,43.41999816894531,47.849998474121094,53.08000183105469,41.630001068115234,9730600,52693110,2287934739.716034,2.287934739716034,,,,,,,,,51.442497,8.690037,11.986271,,,,-12.424371590585592,Technology,Software - Application,United States,8723,2016-Q2
HUBS,HUBSPOT INC,2016-07-01 00:00:00-04:00,2016,3,7,54.59000015258789,43.36000061035156,54.599998474121094,41.709999084472656,6157500,52693110,2876516882.9403305,2.8765168829403307,,,,,,,,,51.442497,8.690037,11.986271,,,,1.1862824478180212,Technology,Software - Application,United States,8723,2016-Q3
HUBS,HUBSPOT INC,2016-08-01 00:00:00-04:00,2016,3,8,55.7400016784668,54.290000915527344,59.970001220703125,49.75,10123200,52693110,2937114039.8436356,2.9371140398436357,,,,,,,,,51.442497,8.690037,11.986271,,,,17.868472402936565,Technology,Software - Application,United States,8723,2016-Q3
HUBS,HUBSPOT INC,2016-09-01 00:00:00-04:00,2016,3,9,57.619998931884766,54.900001525878906,59.0099983215332,52.84000015258789,6964100,52693110,3036176941.9176865,3.0361769419176863,,,,,,,,,51.442497,8.690037,11.986271,,,,24.261376448435314,Technology,Software - Application,United States,8723,2016-Q3
HUBS,HUBSPOT INC,2016-10-01 00:00:00-04:00,2016,4,10,52.45000076293945,57.0,59.0,51.25,4935400,52693110,2763753659.7016525,2.7637536597016523,,,,,,,,,51.442497,8.690037,11.986271,,,,1.0986886721066957,Technology,Software - Application,United States,8723,2016-Q4
HUBS,HUBSPOT INC,2016-11-01 00:00:00-04:00,2016,4,11,56.099998474121094,52.45000076293945,59.20000076293945,48.54999923706055,8622500,52693110,2956083390.596695,2.956083390596695,,,,,,,,,51.442497,8.690037,11.986271,,,,3.486440548916714,Technology,Software - Application,United States,8723,2016-Q4
HUBS,HUBSPOT INC,2016-12-01 00:00:00-05:00,2016,4,12,47.0,56.0,56.400001525878906,44.900001525878906,10111100,52693110,2476576170.0,2.47657617,,,,,,,,,51.442497,8.690037,11.986271,,,,-16.53347743959911,Technology,Software - Application,United States,8723,2016-Q4
HUBS,HUBSPOT INC,2017-01-01 00:00:00-05:00,2017,1,1,51.29999923706055,47.29999923706055,53.5,46.79999923706055,6180100,52693110,2703156502.7983475,2.7031565027983473,,,,,,,,,51.442497,8.690037,11.986271,,,,26.38580695789876,Technology,Software - Application,United States,8723,2017-Q1
HUBS,HUBSPOT INC,2017-02-01 00:00:00-05:00,2017,1,2,59.5,51.900001525878906,62.29999923706055,51.400001525878906,9067700,52693110,3135240045.0,3.135240045,,,,,,,,,51.442497,8.690037,11.986271,,,,42.8228521793816,Technology,Software - Application,United States,8723,2017-Q1
HUBS,HUBSPOT INC,2017-03-01 00:00:00-05:00,2017,1,3,60.54999923706055,60.400001525878906,66.0999984741211,56.5,10309000,52693110,3190567770.2983475,3.1905677702983475,,,,,,,,,51.442497,8.690037,11.986271,,,,38.81247299343815,Technology,Software - Application,United States,8723,2017-Q1
HUBS,HUBSPOT INC,2017-04-01 00:00:00-04:00,2017,2,4,67.05000305175781,60.54999923706055,67.30000305175781,58.45000076293945,5192500,52693110,3533073186.30661,3.53307318630661,,,,,,,,,51.442497,8.690037,11.986271,,,,51.388579060180575,Technology,Software - Application,United States,8723,2017-Q2
HUBS,HUBSPOT INC,2017-05-01 00:00:00-04:00,2017,2,5,72.0999984741211,67.44999694824219,74.80000305175781,65.4000015258789,11877600,52693110,3799173150.596695,3.799173150596695,,,,,,,,,51.442497,8.690037,11.986271,,,,50.96315118925347,Technology,Software - Application,United States,8723,2017-Q2
HUBS,HUBSPOT INC,2017-06-01 00:00:00-04:00,2017,2,6,65.75,72.1500015258789,78.5,64.05000305175781,11250900,52693110,3464571982.5,3.4645719825,,,,,,,,,51.442497,8.690037,11.986271,,,,51.427919789792774,Technology,Software - Application,United States,8723,2017-Q2
HUBS,HUBSPOT INC,2017-07-01 00:00:00-04:00,2017,3,7,72.3499984741211,66.30000305175781,76.0999984741211,63.0,7820000,52693110,3812346428.096695,3.8123464280966948,,,,,,,,,51.442497,8.690037,11.986271,,,,32.533427865710074,Technology,Software - Application,United States,8723,2017-Q3
HUBS,HUBSPOT INC,2017-08-01 00:00:00-04:00,2017,3,8,73.3499984741211,72.5,74.25,65.69999694824219,7080100,52693110,3865039538.096695,3.865039538096695,,,,,,,,,51.442497,8.690037,11.986271,,,,31.593104171823704,Technology,Software - Application,United States,8723,2017-Q3
HUBS,HUBSPOT INC,2017-09-01 00:00:00-04:00,2017,3,9,84.05000305175781,73.5999984741211,84.1500015258789,71.0,6799800,52693110,4428856056.30661,4.42885605630661,,,,,,,,,51.442497,8.690037,11.986271,,,,45.86949776086799,Technology,Software - Application,United States,8723,2017-Q3
HUBS,HUBSPOT INC,2017-10-01 00:00:00-04:00,2017,4,10,86.55000305175781,84.1500015258789,87.25,81.44999694824219,7219400,52693110,4560588831.30661,4.56058883130661,,,,,,,,,51.442497,8.690037,11.986271,,,,65.01430275080762,Technology,Software - Application,United States,8723,2017-Q4
HUBS,HUBSPOT INC,2017-11-01 00:00:00-04:00,2017,4,11,80.94999694824219,87.4000015258789,88.5,76.1500015258789,14651400,52693110,4265507093.69339,4.26550709369339,,,,,,,,,51.442497,8.690037,11.986271,,,,44.29589866314237,Technology,Software - Application,United States,8723,2017-Q4
HUBS,HUBSPOT INC,2017-12-01 00:00:00-05:00,2017,4,12,88.4000015258789,80.5,93.5250015258789,73.1500015258789,12536000,52693110,4658071004.403305,4.658071004403305,,,,,,,,,51.442497,8.690037,11.986271,,,,88.08510962952958,Technology,Software - Application,United States,8723,2017-Q4
HUBS,HUBSPOT INC,2018-01-01 00:00:00-05:00,2018,1,1,97.05000305175781,88.4000015258789,102.30000305175781,87.5999984741211,6799200,52693110,5113866486.30661,5.11386648630661,,,,,,,,,51.442497,8.690037,11.986271,,,,89.18129531207906,Technology,Software - Application,United States,8723,2018-Q1
HUBS,HUBSPOT INC,2018-02-01 00:00:00-05:00,2018,1,2,111.05000305175781,96.4000015258789,114.8949966430664,85.65499877929688,10563400,52693110,5851570026.30661,5.85157002630661,,,,,,,,,51.442497,8.690037,11.986271,,,,86.6386605911896,Technology,Software - Application,United States,8723,2018-Q1
HUBS,HUBSPOT INC,2018-03-01 00:00:00-05:00,2018,1,3,108.30000305175781,111.25,124.44999694824219,105.0,13484700,52693110,5706663973.80661,5.70666397380661,,,,,,,,,51.442497,8.690037,11.986271,,,,78.86045320620111,Technology,Software - Application,United States,8723,2018-Q1
HUBS,HUBSPOT INC,2018-04-01 00:00:00-04:00,2018,2,4,105.9000015258789,107.6500015258789,117.5999984741211,101.44999694824219,11020300,52693110,5580200429.403305,5.580200429403305,,,,,,,,,51.442497,8.690037,11.986271,,,,57.94182953896612,Technology,Software - Application,United States,8723,2018-Q2
HUBS,HUBSPOT INC,2018-05-01 00:00:00-04:00,2018,2,5,121.19999694824219,105.1500015258789,122.75,104.0999984741211,11827200,52693110,6386404771.19339,6.38640477119339,,,,,,,,,51.442497,8.690037,11.986271,,,,68.09986062863038,Technology,Software - Application,United States,8723,2018-Q2
HUBS,HUBSPOT INC,2018-06-01 00:00:00-04:00,2018,2,6,125.4000015258789,121.25,143.0,121.19999694824219,13143400,52693110,6607716074.403305,6.607716074403305,,,,,,,,,51.442497,8.690037,11.986271,,,,90.72243578080442,Technology,Software - Application,United States,8723,2018-Q2
HUBS,HUBSPOT INC,2018-07-01 00:00:00-04:00,2018,3,7,124.0999984741211,124.94999694824219,136.75,122.0,8338100,52693110,6539214870.596695,6.539214870596695,,,,,,,,,51.442497,8.690037,11.986271,,,,71.52729936616444,Technology,Software - Application,United States,8723,2018-Q3
HUBS,HUBSPOT INC,2018-08-01 00:00:00-04:00,2018,3,8,143.6999969482422,124.19999694824219,144.5500030517578,119.0,11313200,52693110,7571999746.19339,7.57199974619339,,,,,,,,,51.442497,8.690037,11.986271,,,,95.91002036481508,Technology,Software - Application,United States,8723,2018-Q3
HUBS,HUBSPOT INC,2018-09-01 00:00:00-04:00,2018,3,9,150.9499969482422,142.9499969482422,162.1999969482422,137.7550048828125,8474400,52693110,7954024793.69339,7.95402479369339,,,,,,,,,51.442497,8.690037,11.986271,,,,79.59546872983158,Technology,Software - Application,United States,8723,2018-Q3
HUBS,HUBSPOT INC,2018-10-01 00:00:00-04:00,2018,4,10,135.64999389648438,151.9199981689453,153.5399932861328,121.12999725341797,12084300,52693110,7147820049.88678,7.147820049886779,,,,,,,,,51.442497,8.690037,11.986271,,,,56.730201170951155,Technology,Software - Application,United States,8723,2018-Q4
HUBS,HUBSPOT INC,2018-11-01 00:00:00-04:00,2018,4,11,139.02999877929688,137.19000244140625,149.0800018310547,108.38999938964844,11216200,52693110,7325923018.977356,7.325923018977356,,,,,,,,,51.442497,8.690037,11.986271,,,,71.74799755482373,Technology,Software - Application,United States,8723,2018-Q4
HUBS,HUBSPOT INC,2018-12-01 00:00:00-05:00,2018,4,12,125.7300033569336,142.99000549316406,143.0,112.5,9297300,52693110,6625104897.187271,6.6251048971872715,,,,,,,,,51.442497,8.690037,11.986271,,,,42.22850812974976,Technology,Software - Application,United States,8723,2018-Q4
HUBS,HUBSPOT INC,2019-01-01 00:00:00-05:00,2019,1,1,158.30999755859375,122.58000183105469,158.66000366210938,117.7699966430664,12262300,52693110,8341846115.454712,8.341846115454713,,,,,,,,,51.442497,8.690037,11.986271,,,,63.12209436424781,Technology,Software - Application,United States,8723,2019-Q1
HUBS,HUBSPOT INC,2019-02-01 00:00:00-05:00,2019,1,2,168.3800048828125,158.55999755859375,180.0,155.8800048828125,14665900,52693110,8872466119.090576,8.872466119090577,,,,,,,,,51.442497,8.690037,11.986271,,,,51.625394196823684,Technology,Software - Application,United States,8723,2019-Q1
HUBS,HUBSPOT INC,2019-03-01 00:00:00-05:00,2019,1,3,166.2100067138672,170.2100067138672,176.52000427246094,157.5500030517578,10822400,52693110,8758122166.874542,8.758122166874543,,,,,,,,,51.442497,8.690037,11.986271,,,,53.47183936313789,Technology,Software - Application,United States,8723,2019-Q1
HUBS,HUBSPOT INC,2019-04-01 00:00:00-04:00,2019,2,4,184.49000549316406,166.25,186.96499633789062,157.99000549316406,9490700,52693110,9721352153.351898,9.721352153351898,,,,,,,,,51.442497,8.690037,11.986271,,,,74.21152297913804,Technology,Software - Application,United States,8723,2019-Q2
HUBS,HUBSPOT INC,2019-05-01 00:00:00-04:00,2019,2,5,173.27999877929688,185.75,192.49000549316406,171.4029998779297,10250800,52693110,9130662036.477356,9.130662036477355,,,,,,,,,51.442497,8.690037,11.986271,,,,42.97029962244567,Technology,Software - Application,United States,8723,2019-Q2
HUBS,HUBSPOT INC,2019-06-01 00:00:00-04:00,2019,2,6,170.52000427246094,173.4600067138672,187.3070068359375,159.80999755859375,15067100,52693110,8985229342.329254,8.985229342329253,,,,,,,,,51.442497,8.690037,11.986271,,,,35.98086299645744,Technology,Software - Application,United States,8723,2019-Q2
HUBS,HUBSPOT INC,2019-07-01 00:00:00-04:00,2019,3,7,178.72000122070312,175.05999755859375,186.5,171.47999572753906,10354900,52693110,9417312683.522644,9.417312683522644,,,,,,,,,51.442497,8.690037,11.986271,,,,44.01289558272805,Technology,Software - Application,United States,8723,2019-Q3
HUBS,HUBSPOT INC,2019-08-01 00:00:00-04:00,2019,3,8,199.67999267578125,179.5,207.97999572753906,161.63999938964844,13143700,52693110,10521759818.864136,10.521759818864135,,,,,,,,,51.442497,8.690037,11.986271,,,,38.95615651801434,Technology,Software - Application,United States,8723,2019-Q3
HUBS,HUBSPOT INC,2019-09-01 00:00:00-04:00,2019,3,9,151.61000061035156,198.63999938964844,201.66000366210938,146.4600067138672,13760200,52693110,7988802439.261322,7.988802439261322,,,,,,,,,51.442497,8.690037,11.986271,,,,0.4372333060302491,Technology,Software - Application,United States,8723,2019-Q3
HUBS,HUBSPOT INC,2019-10-01 00:00:00-04:00,2019,4,10,155.10000610351562,152.22000122070312,168.42999267578125,145.59500122070312,11888600,52693110,8172701682.61322,8.172701682613221,,,,,,,,,51.442497,8.690037,11.986271,,,,14.338380451291211,Technology,Software - Application,United States,8723,2019-Q4
HUBS,HUBSPOT INC,2019-11-01 00:00:00-04:00,2019,4,11,151.0,155.6999969482422,159.0500030517578,137.3000030517578,14292600,52693110,7956659610.0,7.95665961,,,,,,,,,51.442497,8.690037,11.986271,,,,8.609653546573703,Technology,Software - Application,United States,8723,2019-Q4
HUBS,HUBSPOT INC,2019-12-01 00:00:00-05:00,2019,4,12,158.5,150.22999572753906,160.97000122070312,143.64500427246094,13575300,52693110,8351857935.0,8.351857935,,,,,,,,,51.442497,8.690037,11.986271,,,,26.063784115264845,Technology,Software - Application,United States,8723,2019-Q4
HUBS,HUBSPOT INC,2020-01-01 00:00:00-05:00,2020,1,1,180.94000244140625,159.50999450683594,188.85000610351562,159.10000610351562,10604500,52693110,9534291452.045288,9.534291452045288,,,,,,,,,51.442497,8.690037,11.986271,,,,14.29474147672618,Technology,Software - Application,United States,8723,2020-Q1
HUBS,HUBSPOT INC,2020-02-01 00:00:00-05:00,2020,1,2,179.4499969482422,181.0,201.49000549316406,168.7899932861328,11665400,52693110,9455778428.69339,9.45577842869339,,,,,,,,,51.442497,8.690037,11.986271,,,,6.574410110710049,Technology,Software - Application,United States,8723,2020-Q1
HUBS,HUBSPOT INC,2020-03-01 00:00:00-05:00,2020,1,3,133.19000244140625,181.30999755859375,182.6300048828125,90.83499908447266,26691400,52693110,7018195449.545288,7.0181954495452885,,,,,,,,,51.442497,8.690037,11.986271,,,,-19.866435797277436,Technology,Software - Application,United States,8723,2020-Q1
HUBS,HUBSPOT INC,2020-04-01 00:00:00-04:00,2020,2,4,168.6300048828125,127.5,173.2949981689453,110.57499694824219,19798400,52693110,8885639396.590576,8.885639396590577,,,,,,,,,51.442497,8.690037,11.986271,,,,-8.596671981203464,Technology,Software - Application,United States,8723,2020-Q2
HUBS,HUBSPOT INC,2020-05-01 00:00:00-04:00,2020,2,5,199.94000244140625,163.52000427246094,200.77999877929688,154.2100067138672,15407600,52693110,10535460542.045288,10.535460542045287,,,,,,,,,51.442497,8.690037,11.986271,,,,15.385505453555348,Technology,Software - Application,United States,8723,2020-Q2
HUBS,HUBSPOT INC,2020-06-01 00:00:00-04:00,2020,2,6,224.35000610351562,200.74000549316406,231.1699981689453,198.67999267578125,14796100,52693110,11821699550.11322,11.82169955011322,,,,,,,,,51.442497,8.690037,11.986271,,,,31.568144782030274,Technology,Software - Application,United States,8723,2020-Q2
HUBS,HUBSPOT INC,2020-07-01 00:00:00-04:00,2020,3,7,234.61000061035156,223.97999572753906,243.5800018310547,205.07000732421875,9631400,52693110,12362330569.261322,12.362330569261323,,,,,,,,,51.442497,8.690037,11.986271,,,,31.27238082358186,Technology,Software - Application,United States,8723,2020-Q3
HUBS,HUBSPOT INC,2020-08-01 00:00:00-04:00,2020,3,8,299.67999267578125,236.5,304.7900085449219,227.3249969482422,12994600,52693110,15791070818.864136,15.791070818864135,,,,,,,,,51.442497,8.690037,11.986271,,,,50.080130042056425,Technology,Software - Application,United States,8723,2020-Q3
HUBS,HUBSPOT INC,2020-09-01 00:00:00-04:00,2020,3,9,292.2300109863281,302.7699890136719,320.8900146484375,260.7900085449219,9835700,52693110,15398508114.203796,15.398508114203796,,,,,,,,,51.442497,8.690037,11.986271,,,,92.75114425820759,Technology,Software - Application,United States,8723,2020-Q3
HUBS,HUBSPOT INC,2020-10-01 00:00:00-04:00,2020,4,10,290.07000732421875,296.19000244140625,330.71600341796875,281.57000732421875,8564000,52693110,15284690803.635864,15.284690803635865,,,,,,,,,51.442497,8.690037,11.986271,,,,87.02127395831467,Technology,Software - Application,United States,8723,2020-Q4
HUBS,HUBSPOT INC,2020-11-01 00:00:00-04:00,2020,4,11,394.3299865722656,293.45001220703125,401.6600036621094,283.8699951171875,13073100,52693110,20778473358.750916,20.778473358750915,,,,,,,,,51.442497,8.690037,11.986271,,,,161.1456864716991,Technology,Software - Application,United States,8723,2020-Q4
HUBS,HUBSPOT INC,2020-12-01 00:00:00-05:00,2020,4,12,396.44000244140625,392.0,420.6099853515625,370.3590087890625,11725800,52693110,20889656657.045288,20.88965665704529,,,,,,,,,51.442497,8.690037,11.986271,,,,150.1198753573541,Technology,Software - Application,United States,8723,2020-Q4
HUBS,HUBSPOT INC,2021-01-01 00:00:00-05:00,2021,1,1,372.20001220703125,396.44000244140625,414.67401123046875,347.7799987792969,8516000,52693110,19612376185.22644,19.61237618522644,,,,,,,,,51.442497,8.690037,11.986271,,,,105.7035521084182,Technology,Software - Application,United States,8723,2021-Q1
HUBS,HUBSPOT INC,2021-02-01 00:00:00-05:00,2021,1,2,515.0,381.5299987792969,547.469970703125,372.3800048828125,11128100,52693110,27136951650.0,27.13695165,,,,,,,,,51.442497,8.690037,11.986271,,,,186.98802382734993,Technology,Software - Application,United States,8723,2021-Q1
HUBS,HUBSPOT INC,2021-03-01 00:00:00-05:00,2021,1,3,454.2099914550781,522.0,531.8099975585938,415.4200134277344,13831400,52693110,23933737042.84149,23.933737042841493,,,,,,,,,51.442497,8.690037,11.986271,,,,241.02408824183098,Technology,Software - Application,United States,8723,2021-Q1
HUBS,HUBSPOT INC,2021-04-01 00:00:00-04:00,2021,2,4,526.4500122070312,465.1700134277344,574.8300170898438,463.3500061035156,9700300,52693110,27740288402.72644,27.740288402726442,,,,,,,,,51.442497,8.690037,11.986271,,,,212.19237203538106,Technology,Software - Application,United States,8723,2021-Q2
HUBS,HUBSPOT INC,2021-05-01 00:00:00-04:00,2021,2,5,504.3800048828125,537.3200073242188,539.9710083007812,462.4800109863281,11160300,52693110,26577351079.090576,26.577351079090576,,,,,,,,,51.442497,8.690037,11.986271,,,,152.26567906571097,Technology,Software - Application,United States,8723,2021-Q2
HUBS,HUBSPOT INC,2021-06-01 00:00:00-04:00,2021,2,6,582.719970703125,506.8999938964844,605.7349853515625,469.45001220703125,8841500,52693110,30705327515.456543,30.705327515456542,,,,,,,,,51.442497,8.690037,11.986271,,,,159.73699792736204,Technology,Software - Application,United States,8723,2021-Q2
HUBS,HUBSPOT INC,2021-07-01 00:00:00-04:00,2021,3,7,596.02001953125,578.8200073242188,616.4500122070312,543.1699829101562,7205900,52693110,31406148451.362305,31.406148451362306,,,,,,,,,51.442497,8.690037,11.986271,,,,154.04714972962333,Technology,Software - Application,United States,8723,2021-Q3
HUBS,HUBSPOT INC,2021-08-01 00:00:00-04:00,2021,3,8,684.469970703125,598.0,715.2899780273438,572.3099975585938,10217900,52693110,36066851457.95654,36.066851457956545,,,,,,,,,51.442497,8.690037,11.986271,,,,128.40028945263677,Technology,Software - Application,United States,8723,2021-Q3
HUBS,HUBSPOT INC,2021-09-01 00:00:00-04:00,2021,3,9,676.0900268554688,685.0,736.1500244140625,647.52001953125,8777800,52693110,35625286154.99817,35.62528615499817,,,,,,,,,51.442497,8.690037,11.986271,,,,131.35543970092084,Technology,Software - Application,United States,8723,2021-Q3
HUBS,HUBSPOT INC,2021-10-01 00:00:00-04:00,2021,4,10,810.22998046875,675.3599853515625,839.7750244140625,622.0399780273438,11824500,52693110,42693537486.137695,42.69353748613769,,,,,,,,,51.442497,8.690037,11.986271,,,,179.3222187784258,Technology,Software - Application,United States,8723,2021-Q4
HUBS,HUBSPOT INC,2021-11-01 00:00:00-04:00,2021,4,11,806.9099731445312,814.2100219726562,866.0,735.2999877929688,10958600,52693110,42518595975.00183,42.51859597500183,,,,,,,,,51.442497,8.690037,11.986271,,,,104.62810352279801,Technology,Software - Application,United States,8723,2021-Q4
HUBS,HUBSPOT INC,2021-12-01 00:00:00-05:00,2021,4,12,659.1500244140625,812.5900268554688,822.3400268554688,636.5,13120700,52693110,34732664742.95288,34.73266474295288,,,,,,,,,51.442497,8.690037,11.986271,,,,66.26728391554903,Technology,Software - Application,United States,8723,2021-Q4
HUBS,HUBSPOT INC,2022-01-01 00:00:00-05:00,2022,1,1,488.79998779296875,659.239990234375,659.239990234375,403.0,21549200,52693110,25756391524.77356,25.75639152477356,,,,,,,,,51.442497,8.690037,11.986271,,,,31.327235830685662,Technology,Software - Application,United States,8723,2022-Q1
HUBS,HUBSPOT INC,2022-02-01 00:00:00-05:00,2022,1,2,525.0,496.760009765625,596.1699829101562,446.8699951171875,15776700,52693110,27663882750.0,27.66388275,,,,,,,,,51.442497,8.690037,11.986271,,,,1.9417475728155331,Technology,Software - Application,United States,8723,2022-Q1
HUBS,HUBSPOT INC,2022-03-01 00:00:00-05:00,2022,1,3,474.94000244140625,526.9600219726562,546.9500122070312,378.8800048828125,15448700,52693110,25026065792.045288,25.026065792045287,,,,,,,,,51.442497,8.690037,11.986271,,,,4.563970713175802,Technology,Software - Application,United States,8723,2022-Q1
HUBS,HUBSPOT INC,2022-04-01 00:00:00-04:00,2022,2,4,379.42999267578125,477.239990234375,514.3400268554688,367.1050109863281,11860100,52693110,19993346341.364136,19.993346341364134,,,,,,,,,51.442497,8.690037,11.986271,,,,-27.926681759375292,Technology,Software - Application,United States,8723,2022-Q2
HUBS,HUBSPOT INC,2022-05-01 00:00:00-04:00,2022,2,5,337.69000244140625,375.2300109863281,393.75,295.5299987792969,20629200,52693110,17793936444.545288,17.793936444545288,,,,,,,,,51.442497,8.690037,11.986271,,,,-33.04849534630837,Technology,Software - Application,United States,8723,2022-Q2
HUBS,HUBSPOT INC,2022-06-01 00:00:00-04:00,2022,2,6,300.6499938964844,349.7799987792969,381.17999267578125,278.489990234375,13291800,52693110,15842183199.88678,15.84218319988678,,,,,,,,,51.442497,8.690037,11.986271,,,,-48.40575078734434,Technology,Software - Application,United States,8723,2022-Q2
HUBS,HUBSPOT INC,2022-07-01 00:00:00-04:00,2022,3,7,308.0,301.6400146484375,335.75,257.2099914550781,16032000,52693110,16229477880.0,16.22947788,,,,,,,,,51.442497,8.690037,11.986271,,,,-48.32388344233273,Technology,Software - Application,United States,8723,2022-Q3
HUBS,HUBSPOT INC,2022-08-01 00:00:00-04:00,2022,3,8,337.0400085449219,301.3399963378906,412.5,297.25201416015625,14231200,52693110,17759686244.65851,17.759686244658507,,,,,,,,,51.442497,8.690037,11.986271,,,,-50.75897804564078,Technology,Software - Application,United States,8723,2022-Q3
HUBS,HUBSPOT INC,2022-09-01 00:00:00-04:00,2022,3,9,270.1199951171875,329.7099914550781,339.92999267578125,263.2300109863281,16493800,52693110,14233462615.909424,14.233462615909424,,,,,,,,,51.442497,8.690037,11.986271,,,,-60.046741648663236,Technology,Software - Application,United States,8723,2022-Q3
HUBS,HUBSPOT INC,2022-10-01 00:00:00-04:00,2022,4,10,296.55999755859375,271.04998779296875,305.8800048828125,245.02999877929688,14361700,52693110,15626668572.954712,15.626668572954712,,,,,,,,,51.442497,8.690037,11.986271,,,,-63.39804688700582,Technology,Software - Application,United States,8723,2022-Q4
HUBS,HUBSPOT INC,2022-11-01 00:00:00-04:00,2022,4,11,303.0299987792969,306.79998779296875,321.43499755859375,249.99000549316406,19607500,52693110,15967593058.977356,15.967593058977355,,,,,,,,,51.442497,8.690037,11.986271,,,,-62.44562480763649,Technology,Software - Application,United States,8723,2022-Q4
HUBS,HUBSPOT INC,2022-12-01 00:00:00-05:00,2022,4,12,289.1300048828125,299.4200134277344,322.2900085449219,265.739990234375,12450800,52693110,15235159151.590576,15.235159151590576,,,,,,,,,51.442497,8.690037,11.986271,,,,-56.135933524416004,Technology,Software - Application,United States,8723,2022-Q4
HUBS,HUBSPOT INC,2023-01-01 00:00:00-05:00,2023,1,1,347.010009765625,297.7699890136719,362.5249938964844,267.989990234375,14557500,52693110,18285036615.681152,18.285036615681154,,,,,,,,,51.442497,8.690037,11.986271,,,,-29.007770369953224,Technology,Software - Application,United States,8723,2023-Q1
HUBS,HUBSPOT INC,2023-02-01 00:00:00-05:00,2023,1,2,386.8599853515625,351.5,418.3900146484375,342.32000732421875,17368900,52693110,20384855762.72827,20.38485576272827,,,,,,,,,51.442497,8.690037,11.986271,,,,-26.31238374255952,Technology,Software - Application,United States,8723,2023-Q1
HUBS,HUBSPOT INC,2023-03-01 00:00:00-05:00,2023,1,3,428.75,388.3999938964844,431.6000061035156,356.07000732421875,13092700,52693110,22592170912.5,22.5921709125,,,,,,,,,51.442497,8.690037,11.986271,,,,-9.725439466873453,Technology,Software - Application,United States,8723,2023-Q1
HUBS,HUBSPOT INC,2023-04-01 00:00:00-04:00,2023,2,4,420.95001220703125,423.3399963378906,429.5199890136719,390.2200012207031,9518100,52693110,22181165297.72644,22.18116529772644,,,,,,,,,51.442497,8.690037,11.986271,,,,10.942735243054024,Technology,Software - Application,United States,8723,2023-Q2
HUBS,HUBSPOT INC,2023-05-01 00:00:00-04:00,2023,2,5,517.989990234375,422.8800048828125,522.6900024414062,408.5799865722656,15240000,52693110,27294503534.318848,27.29450353431885,,,,,,,,,51.442497,8.690037,11.986271,,,,53.3921604102725,Technology,Software - Application,United States,8723,2023-Q2
HUBS,HUBSPOT INC,2023-06-01 00:00:00-04:00,2023,2,6,532.0900268554688,508.260009765625,535.9000244140625,491.79998779296875,11086400,52693110,28037478314.99817,28.037478314998168,,,,,,,,,51.442497,8.690037,11.986271,,,,76.97988945866088,Technology,Software - Application,United States,8723,2023-Q2
HUBS,HUBSPOT INC,2023-07-01 00:00:00-04:00,2023,3,7,580.5499877929688,529.6199951171875,581.4000244140625,497.02801513671875,8544700,52693110,30590984367.27356,30.59098436727356,,,,,,,,,51.442497,8.690037,11.986271,,,,88.4902557769379,Technology,Software - Application,United States,8723,2023-Q3
HUBS,HUBSPOT INC,2023-08-01 00:00:00-04:00,2023,3,8,546.52001953125,572.4199829101562,579.1199951171875,477.510009765625,13160000,52693110,28797839506.362305,28.797839506362305,,,,,,,,,51.442497,8.690037,11.986271,,,,62.152861878535084,Technology,Software - Application,United States,8723,2023-Q3
HUBS,HUBSPOT INC,2023-09-01 00:00:00-04:00,2023,3,9,492.5,550.0,558.6199951171875,466.1099853515625,8332700,52693110,25951356675.0,25.951356675,,,,,,,,,51.442497,8.690037,11.986271,,,,82.32637675946066,Technology,Software - Application,United States,8723,2023-Q3
HUBS,HUBSPOT INC,2023-10-01 00:00:00-04:00,2023,4,10,423.7699890136719,492.1199951171875,505.2900085449219,407.2300109863281,14880000,52693110,22329758645.796204,22.329758645796204,,,,,,,,,51.442497,8.690037,11.986271,,,,42.89519574532106,Technology,Software - Application,United States,8723,2023-Q4
HUBS,HUBSPOT INC,2023-11-01 00:00:00-04:00,2023,4,11,493.92999267578125,422.05999755859375,508.2900085449219,408.6199951171875,15779800,52693110,26026707436.364136,26.026707436364134,,,,,,,,,51.442497,8.690037,11.986271,,,,62.99706123667341,Technology,Software - Application,United States,8723,2023-Q4
HUBS,HUBSPOT INC,2023-12-01 00:00:00-05:00,2023,4,12,580.5399780273438,494.45001220703125,593.530029296875,485.7799987792969,8253700,52693110,30590456921.592407,30.590456921592406,,,,,,,,,51.442497,8.690037,11.986271,,,,100.7885616239113,Technology,Software - Application,United States,8723,2023-Q4
HUBS,HUBSPOT INC,2024-01-01 00:00:00-05:00,2024,1,1,611.0,572.9400024414062,635.739990234375,527.0,7985600,52693110,32195490210.0,32.19549021,,,,,,,,,51.442497,8.690037,11.986271,,,,76.0756124622103,Technology,Software - Application,United States,8723,2024-Q1
HUBS,HUBSPOT INC,2024-02-01 00:00:00-05:00,2024,1,2,618.8099975585938,614.0599975585938,660.0,578.0599975585938,10336400,52693110,32607023270.454712,32.60702327045471,,,,,,,,,51.442497,8.690037,11.986271,,,,59.957095845993116,Technology,Software - Application,United States,8723,2024-Q1
HUBS,HUBSPOT INC,2024-03-01 00:00:00-05:00,2024,1,3,626.5599975585938,620.0,637.9099731445312,589.1649780273438,7542800,52693110,33015394872.954712,33.015394872954715,,,,,,,,,51.442497,8.690037,11.986271,,,,46.13644257926386,Technology,Software - Application,United States,8723,2024-Q1
HUBS,HUBSPOT INC,2024-04-01 00:00:00-04:00,2024,2,4,604.8699951171875,624.0700073242188,693.8499755859375,604.5700073242188,14808600,52693110,31872481188.409424,31.872481188409424,637230000.0,637.23,541713000.0,-14435000.0,-22858000.0,20423000.0,12.504308173033843,,51.442497,8.690037,11.986271,,,,43.691644512817085,Technology,Software - Application,United States,8723,2024-Q2
HUBS,HUBSPOT INC,2024-05-01 00:00:00-04:00,2024,2,5,611.0499877929688,607.239990234375,656.4600219726562,581.739990234375,18226200,52693110,32198124222.27356,32.19812422227356,637230000.0,637.23,541713000.0,-14435000.0,-22858000.0,20423000.0,12.63206543252576,,51.442497,8.690037,11.986271,,0.0,,17.96559765884411,Technology,Software - Application,United States,8723,2024-Q2
HUBS,HUBSPOT INC,2024-06-01 00:00:00-04:00,2024,2,6,589.7899780273438,611.1699829101562,620.0,550.9099731445312,12922800,52693110,31077868189.092407,31.077868189092406,637230000.0,637.23,541713000.0,-14435000.0,-22858000.0,20423000.0,12.19256319895972,,51.442497,8.690037,11.986271,,0.0,,10.844020421293866,Technology,Software - Application,United States,8723,2024-Q2
HUBS,HUBSPOT INC,2024-07-01 00:00:00-04:00,2024,3,7,497.0299987792969,585.0,596.25,455.0,21528100,52693110,26190056398.977356,26.190056398977354,669721000.0,669.721,570397000.0,8146000.0,-8644000.0,36593000.0,9.77648020555476,,51.442497,8.690037,11.986271,,5.098786937212618,,-14.386356174286252,Technology,Software - Application,United States,8723,2024-Q3
HUBS,HUBSPOT INC,2024-08-01 00:00:00-04:00,2024,3,8,499.07000732421875,500.0,507.61199951171875,434.8399963378906,13220000,52693110,26297550793.635864,26.297550793635864,669721000.0,669.721,570397000.0,8146000.0,-8644000.0,36593000.0,9.81660676372544,,51.442497,8.690037,11.986271,,0.0,5.098786937212618,-8.682209344815783,Technology,Software - Application,United States,8723,2024-Q3
HUBS,HUBSPOT INC,2024-09-01 00:00:00-04:00,2024,3,9,531.5999755859375,497.6199951171875,547.22998046875,486.239990234375,9054100,52693110,28011655989.54712,28.01165598954712,669721000.0,669.721,570397000.0,8146000.0,-8644000.0,36593000.0,10.456464703043178,,51.442497,8.690037,11.986271,,0.0,5.098786937212618,7.93908133724619,Technology,Software - Application,United States,8723,2024-Q3
HUBS,HUBSPOT INC,2024-10-01 00:00:00-04:00,2024,4,10,554.7899780273438,532.2899780273438,570.6500244140625,510.1199951171875,8376700,52693110,29233609339.092407,29.233609339092407,703178000.0,703.178,599841000.0,4983000.0,-9658000.0,42322000.0,10.393388778905344,,51.442497,8.690037,11.986271,,4.995662372838838,10.34916749054502,30.917713007148517,Technology,Software - Application,United States,8723,2024-Q4
HUBS,HUBSPOT INC,2024-11-01 00:00:00-04:00,2024,4,11,721.0499877929688,563.0,754.5599975585938,560.2000122070312,12468700,52693110,37994366322.27356,37.99436632227356,703178000.0,703.178,599841000.0,4983000.0,-9658000.0,42322000.0,13.50808981590492,,51.442497,8.690037,11.986271,,0.0,4.995662372838838,45.98222389509166,Technology,Software - Application,United States,8723,2024-Q4
HUBS,HUBSPOT INC,2024-12-01 00:00:00-05:00,2024,4,12,696.77001953125,723.510009765625,762.4650268554688,685.010009765625,8971000,52693110,36714979283.862305,36.714979283862306,703178000.0,703.178,599841000.0,4983000.0,-9658000.0,42322000.0,13.05323093294383,,51.442497,8.690037,11.986271,,0.0,4.995662372838838,20.021022824104584,Technology,Software - Application,United States,8723,2024-Q4
HUBS,HUBSPOT INC,2025-01-01 00:00:00-05:00,2025,1,1,779.530029296875,704.97998046875,811.7899780273438,685.6749877929688,8849100,52693110,41075861582.04346,41.07586158204346,714137000.0,714.137,599030000.0,-21793000.0,-26400000.0,19605000.0,14.379545375062298,,51.442497,8.690037,11.986271,,1.5584958573789276,6.632015421347104,27.582656186067922,Technology,Software - Application,United States,8723,2025-Q1
HUBS,HUBSPOT INC,2025-02-01 00:00:00-05:00,2025,1,2,723.989990234375,766.4000244140625,881.1300048828125,701.489990234375,10832300,52693110,38149284194.31885,38.149284194318845,714137000.0,714.137,599030000.0,-21793000.0,-26400000.0,19605000.0,13.355029985254527,,51.442497,8.690037,11.986271,,0.0,1.5584958573789276,16.99713855476648,Technology,Software - Application,United States,8723,2025-Q1
HUBS,HUBSPOT INC,2025-03-01 00:00:00-05:00,2025,1,3,571.2899780273438,730.0499877929688,732.0,550.7630004882812,14181600,52693110,30103045654.092407,30.10304565409241,714137000.0,714.137,599030000.0,-21793000.0,-26400000.0,19605000.0,10.538260044673644,,51.442497,8.690037,11.986271,,0.0,1.5584958573789276,-8.821185480498428,Technology,Software - Application,United States,8723,2025-Q1
HUBS,HUBSPOT INC,2025-04-01 00:00:00-04:00,2025,2,4,611.5,573.719970703125,622.3800048828125,472.27801513671875,16685600,52693110,32221836765.0,32.221836765,760866000.0,760.866,638705000.0,-3258000.0,-23509000.0,27964000.0,10.587224545780728,,51.442497,8.690037,11.986271,,6.543422340531291,8.203897164018215,1.096104111021079,Technology,Software - Application,United States,8723,2025-Q2
HUBS,HUBSPOT INC,2025-05-01 00:00:00-04:00,2025,2,5,589.9000244140625,617.22998046875,682.5650024414062,567.280029296875,16245300,52693110,31083666875.45288,31.08366687545288,760866000.0,760.866,638705000.0,-3258000.0,-23509000.0,27964000.0,10.213252686889966,,51.442497,8.690037,11.986271,,0.0,6.543422340531291,-3.461249292434665,Technology,Software - Application,United States,8723,2025-Q2
HUBS,HUBSPOT INC,2025-06-01 00:00:00-04:00,2025,2,6,556.6300048828125,587.6199951171875,611.0,527.739990234375,15944200,52693110,29330566076.590576,29.330566076590575,760866000.0,760.866,638705000.0,-3258000.0,-23509000.0,27964000.0,9.63723115390574,,51.442497,8.690037,11.986271,,0.0,6.543422340531291,-5.62233581103575,Technology,Software - Application,United States,8723,2025-Q2
HUBS,HUBSPOT INC,2025-07-01 00:00:00-04:00,2025,3,7,519.6500244140625,555.02001953125,568.1599731445312,516.6300048828125,16450300,52693110,27381975897.95288,27.38197589795288,,,,,,,,,51.442497,8.690037,11.986271,,0.0,6.543422340531291,4.551038305599309,Technology,Software - Application,United States,8723,2025-Q3
HUBS,HUBSPOT INC,2025-08-01 00:00:00-04:00,2025,3,8,483.1700134277344,510.0,522.7999877929688,418.3399963378906,22730300,52693110,25459730666.249084,25.459730666249083,,,,,,,,,51.442497,8.690037,11.986271,,0.0,0.0,-3.1859245522953272,Technology,Software - Application,United States,8723,2025-Q3
HUBS,HUBSPOT INC,2025-09-01 00:00:00-04:00,2025,3,9,467.79998779296875,470.5199890136719,525.510009765625,453.0299987792969,16226900,52693110,24649836214.77356,24.64983621477356,,,,,,,,,51.442497,8.690037,11.986271,,0.0,0.0,-12.001503145790672,Technology,Software - Application,United States,8723,2025-Q3
HUBS,HUBSPOT INC,2025-10-01 00:00:00-04:00,2025,4,10,469.6700134277344,472.54998779296875,503.0,423.1050109863281,17877031,52693110,24748373681.249084,24.748373681249085,,,,,,,,,51.442497,8.690037,11.986271,,0.0,0.0,-15.34273652567929,Technology,Software - Application,United States,8723,2025-Q4
