ticker,company_name,date,year,quarter,month,close_price,open_price,high_price,low_price,volume,shares_outstanding,market_cap,market_cap_billions,revenue,revenue_millions,gross_profit,net_income,operating_income,ebitda,ps_ratio,current_pe,forward_pe,current_ps,current_pb,peg_ratio,revenue_qoq_pct,revenue_yoy_pct,market_cap_yoy_pct,sector,industry,country,employees,year_quarter
IBM,IBM,2015-01-01 00:00:00-05:00,2015,1,1,93.33697509765625,98.20747794250849,99.42510365372154,91.02958078816899,122813059,934735206,87245356645.32458,87.24535664532459,,,,,,,,36.646004,28.978323,4.394264,10.299132,,,,,Technology,Information Technology Services,United States,270300,2015-Q1
IBM,IBM,2015-02-01 00:00:00-05:00,2015,1,2,98.59102630615234,93.75705979122354,100.44789864711586,92.24111058799697,81229117,934735206,92156503284.03273,92.15650328403272,,,,,,,,36.646004,28.978323,4.394264,10.299132,,,,,Technology,Information Technology Services,United States,270300,2015-Q1
IBM,IBM,2015-03-01 00:00:00-05:00,2015,1,3,98.39977264404297,99.28261521546791,101.37322854021062,94.04688379209576,109737428,934735206,91977731752.78267,91.97773175278267,,,,,,,,36.646004,28.978323,4.394264,10.299132,,,,,Technology,Information Technology Services,United States,270300,2015-Q1
IBM,IBM,2015-04-01 00:00:00-04:00,2015,2,4,105.01490020751953,98.23421133913621,107.36913645408957,97.10613185382886,98152560,934735206,98161124378.54521,98.16112437854521,,,,,,,,36.646004,28.978323,4.394264,10.299132,,,,,Technology,Information Technology Services,United States,270300,2015-Q2
IBM,IBM,2015-05-01 00:00:00-04:00,2015,2,5,104.00944519042969,106.18588387857464,108.08643803974797,103.51284521370377,60593422,934735206,97221290176.022,97.22129017602201,,,,,,,,36.646004,28.978323,4.394264,10.299132,,,,,Technology,Information Technology Services,United States,270300,2015-Q2
IBM,IBM,2015-06-01 00:00:00-04:00,2015,2,6,100.47872161865234,105.14252443750362,105.97644180554055,100.14514284030516,84566694,934735206,93920998550.82765,93.92099855082765,,,,,,,,36.646004,28.978323,4.394264,10.299132,,,,,Technology,Information Technology Services,United States,270300,2015-Q2
IBM,IBM,2015-07-01 00:00:00-04:00,2015,3,7,100.06482696533203,101.28791942731903,107.34777542162296,97.90897799573791,98171910,934735206,93534116646.79399,93.53411664679399,,,,,,,,36.646004,28.978323,4.394264,10.299132,,,,,Technology,Information Technology Services,United States,270300,2015-Q3
IBM,IBM,2015-08-01 00:00:00-04:00,2015,3,8,91.35497283935547,99.88572365398059,99.97838115585675,86.86413051550163,98039489,934735206,85392709356.11934,85.39270935611934,,,,,,,,36.646004,28.978323,4.394264,10.299132,,,,,Technology,Information Technology Services,United States,270300,2015-Q3
IBM,IBM,2015-09-01 00:00:00-04:00,2015,3,9,90.29463195800781,90.25726326913627,93.22825794523597,87.91534298297829,85576713,934735206,84401571403.96262,84.40157140396262,,,,,,,,36.646004,28.978323,4.394264,10.299132,,,,,Technology,Information Technology Services,United States,270300,2015-Q3
IBM,IBM,2015-10-01 00:00:00-04:00,2015,4,10,87.2489013671875,90.5064096326687,95.38956045835909,85.53606518821447,126017790,934735206,81554619792.73169,81.55461979273169,,,,,,,,36.646004,28.978323,4.394264,10.299132,,,,,Technology,Information Technology Services,United States,270300,2015-Q4
IBM,IBM,2015-11-01 00:00:00-04:00,2015,4,11,86.8377914428711,87.51047744655627,88.94303310699706,81.99824873140142,89367101,934735206,81170340872.93715,81.17034087293715,,,,,,,,36.646004,28.978323,4.394264,10.299132,,,,,Technology,Information Technology Services,United States,270300,2015-Q4
IBM,IBM,2015-12-01 00:00:00-05:00,2015,4,12,86.52070617675781,87.75294735417947,88.8971670041965,84.18825611302142,102174117,934735206,80873950111.39719,80.87395011139719,,,,,,,,36.646004,28.978323,4.394264,10.299132,,,,,Technology,Information Technology Services,United States,270300,2015-Q4
IBM,IBM,2016-01-01 00:00:00-05:00,2016,1,1,78.45457458496094,85.25074014806478,86.06175832639248,74.18575154447578,132039823,934735206,73334252936.31583,73.33425293631582,,,,,,,,36.646004,28.978323,4.394264,10.299132,,,,-15.944806971861059,Technology,Information Technology Services,United States,270300,2016-Q1
IBM,IBM,2016-02-01 00:00:00-05:00,2016,1,2,82.37762451171875,78.20939072296125,84.82324227101353,73.49419324395822,111624727,934735206,77001265817.75208,77.00126581775207,,,,,,,,36.646004,28.978323,4.394264,10.299132,,,,-16.445109054942286,Technology,Information Technology Services,United States,270300,2016-Q1
IBM,IBM,2016-03-01 00:00:00-05:00,2016,1,3,96.18810272216797,83.98755453041063,97.23604211930532,83.85417867440667,110611048,934735206,89910406012.75484,89.91040601275483,,,,,,,,36.646004,28.978323,4.394264,10.299132,,,,-2.2476372276546086,Technology,Information Technology Services,United States,270300,2016-Q1
IBM,IBM,2016-04-01 00:00:00-04:00,2016,2,4,92.6885986328125,95.59106736398724,97.50276889350413,90.57366306543929,98828695,934735206,86639296336.89331,86.63929633689331,,,,,,,,36.646004,28.978323,4.394264,10.299132,,,,-11.737669178706145,Technology,Information Technology Services,United States,270300,2016-Q2
IBM,IBM,2016-05-01 00:00:00-04:00,2016,2,5,97.64252471923828,93.08239310528381,97.68697489246526,90.75787712507962,78710456,934735206,91269905457.79729,91.2699054577973,,,,,,,,36.646004,28.978323,4.394264,10.299132,,,,-6.121482966796221,Technology,Information Technology Services,United States,270300,2016-Q2
IBM,IBM,2016-06-01 00:00:00-04:00,2016,2,6,97.32796478271484,98.1102842897632,99.70056121125096,91.37722737011754,80514490,934735206,90975875210.7317,90.9758752107317,,,,,,,,36.646004,28.978323,4.394264,10.299132,,,,-3.1357453450647887,Technology,Information Technology Services,United States,270300,2016-Q2
IBM,IBM,2016-07-01 00:00:00-04:00,2016,3,7,102.99656677246094,97.32796891671451,104.90746602055874,96.135258616265,72618550,934735206,96274517059.34903,96.27451705934902,,,,,,,,36.646004,28.978323,4.394264,10.299132,,,,2.929840480456347,Technology,Information Technology Services,United States,270300,2016-Q3
IBM,IBM,2016-08-01 00:00:00-04:00,2016,3,8,101.88079833984375,103.01579517226638,105.7731444839398,101.22031261359722,72912999,934735206,95231569023.6383,95.2315690236383,,,,,,,,36.646004,28.978323,4.394264,10.299132,,,,11.521896590126058,Technology,Information Technology Services,United States,270300,2016-Q3
IBM,IBM,2016-09-01 00:00:00-04:00,2016,3,9,102.74132537841797,102.39853685881216,106.71903898293367,99.09347578508954,73154103,934735206,96035933942.30855,96.03593394230855,,,,,,,,36.646004,28.978323,4.394264,10.299132,,,,13.784533089628837,Technology,Information Technology Services,United States,270300,2016-Q3
IBM,IBM,2016-10-01 00:00:00-04:00,2016,4,10,99.40392303466797,102.2303641073759,102.53434810385517,95.5879106676855,81930251,934735206,92916346475.01851,92.91634647501851,,,,,,,,36.646004,28.978323,4.394264,10.299132,,,,13.931432347011441,Technology,Information Technology Services,United States,270300,2016-Q4
IBM,IBM,2016-11-01 00:00:00-04:00,2016,4,11,104.92098999023438,99.28105213744205,106.49913243442799,97.6640948733618,79850384,934735206,98073343192.24567,98.07334319224567,,,,,,,,36.646004,28.978323,4.394264,10.299132,,,,20.824111538188838,Technology,Information Technology Services,United States,270300,2016-Q4
IBM,IBM,2016-12-01 00:00:00-05:00,2016,4,12,108.33329772949219,105.69659182780633,110.91779493347795,103.31441895251758,72666039,934735206,101262947369.83621,101.26294736983621,,,,,,,,36.646004,28.978323,4.394264,10.299132,,,,25.210833933986,Technology,Information Technology Services,United States,270300,2016-Q4
IBM,IBM,2017-01-01 00:00:00-05:00,2017,1,1,113.90040588378906,108.99248592147316,116.9874380293206,107.90908246232765,92847665,934735206,106466719357.26718,106.46671935726718,,,,,,,,36.646004,28.978323,4.394264,10.299132,,,,45.1800694686614,Technology,Information Technology Services,United States,270300,2017-Q1
IBM,IBM,2017-02-01 00:00:00-05:00,2017,1,2,117.35944366455078,114.21367172058194,119.29781135269356,112.83657878105811,62572348,934735206,109700003749.82927,109.70000374982926,,,,,,,,36.646004,28.978323,4.394264,10.299132,,,,42.46519532480042,Technology,Information Technology Services,United States,270300,2017-Q1
IBM,IBM,2017-03-01 00:00:00-05:00,2017,1,3,114.551025390625,118.72153140349941,120.08320201041926,113.20251015920803,83132942,934735206,107074876316.01709,107.0748763160171,,,,,,,,36.646004,28.978323,4.394264,10.299132,,,,19.090638185781607,Technology,Information Technology Services,United States,270300,2017-Q1
IBM,IBM,2017-04-01 00:00:00-04:00,2017,2,4,105.44037628173828,114.34054075351477,115.99165094271991,104.98648949033587,104654705,934735206,98558831844.42815,98.55883184442814,,,,,,,,36.646004,28.978323,4.394264,10.299132,,,,13.757655026636195,Technology,Information Technology Services,United States,270300,2017-Q2
IBM,IBM,2017-05-01 00:00:00-04:00,2017,2,5,100.40155792236328,105.28250797475795,105.52589823338707,98.53337862593969,108082238,934735206,93848870927.28117,93.84887092728117,,,,,,,,36.646004,28.978323,4.394264,10.299132,,,,2.825647135874809,Technology,Information Technology Services,United States,270300,2017-Q2
IBM,IBM,2017-06-01 00:00:00-04:00,2017,2,6,102.17943572998047,101.49527823363547,104.41791449911047,100.16680431250988,87839942,934735206,95510715906.02705,95.51071590602706,,,,,,,,36.646004,28.978323,4.394264,10.299132,,,,4.984662895290737,Technology,Information Technology Services,United States,270300,2017-Q2
IBM,IBM,2017-07-01 00:00:00-04:00,2017,3,7,96.09503173828125,102.01337030462653,103.64074749427255,95.41086371730032,97585001,934735206,89823409287.45886,89.82340928745886,,,,,,,,36.646004,28.978323,4.394264,10.299132,,,,-6.700742801870763,Technology,Information Technology Services,United States,270300,2017-Q3
IBM,IBM,2017-08-01 00:00:00-04:00,2017,3,8,95.00567626953125,96.31421887403744,96.75925566837876,92.41515883903665,83937837,934735206,88805150378.9696,88.8051503789696,,,,,,,,36.646004,28.978323,4.394264,10.299132,,,,-6.74820199914331,Technology,Information Technology Services,United States,270300,2017-Q3
IBM,IBM,2017-09-01 00:00:00-04:00,2017,3,9,97.38554382324219,95.97590204409369,98.95627650022216,95.0764242961329,81898348,934735206,91029696367.04031,91.02969636704032,,,,,,,,36.646004,28.978323,4.394264,10.299132,,,,-5.212879564721707,Technology,Information Technology Services,United States,270300,2017-Q3
IBM,IBM,2017-10-01 00:00:00-04:00,2017,4,10,103.41338348388672,97.56675781111359,109.08548333698536,97.47278813865411,131111497,934735206,96664130313.96785,96.66413031396785,,,,,,,,36.646004,28.978323,4.394264,10.299132,,,,4.0335032328859155,Technology,Information Technology Services,United States,270300,2017-Q4
IBM,IBM,2017-11-01 00:00:00-04:00,2017,4,11,103.35297393798828,103.44023685195094,103.97723857528433,98.14404757934359,93905278,934735206,96607663384.6381,96.6076633846381,,,,,,,,36.646004,28.978323,4.394264,10.299132,,,,-1.4944731768086084,Technology,Information Technology Services,United States,270300,2017-Q4
IBM,IBM,2017-12-01 00:00:00-05:00,2017,4,12,104.01312255859375,104.67752829044288,107.01650135885512,102.70465413126097,92872353,934735206,97224727541.51038,97.22472754151038,,,,,,,,36.646004,28.978323,4.394264,10.299132,,,,-3.9878553145182516,Technology,Information Technology Services,United States,270300,2017-Q4
IBM,IBM,2018-01-01 00:00:00-05:00,2018,1,1,110.98258209228516,104.74532117344,116.01984203721896,104.09447392120083,151760375,934735206,103739326734.44408,103.73932673444408,,,,,,,,36.646004,28.978323,4.394264,10.299132,,,,-2.5617325670295843,Technology,Information Technology Services,United States,270300,2018-Q1
IBM,IBM,2018-02-01 00:00:00-05:00,2018,1,2,105.64702606201172,110.63683797809938,111.27412694418506,97.89790820075363,107073687,934735206,98751994669.3619,98.75199466936189,,,,,,,,36.646004,28.978323,4.394264,10.299132,,,,-9.979953241783202,Technology,Information Technology Services,United States,270300,2018-Q1
IBM,IBM,2018-03-01 00:00:00-05:00,2018,1,3,105.04409790039062,106.48183638293452,110.98676049372466,101.69621162581429,98655478,934735206,98188416490.0058,98.18841649000579,,,,,,,,36.646004,28.978323,4.394264,10.299132,,,,-8.299294971664594,Technology,Information Technology Services,United States,270300,2018-Q1
IBM,IBM,2018-04-01 00:00:00-04:00,2018,2,4,99.24520111083984,104.98247377789151,110.91144417158894,98.66325651013037,128391583,934735206,92767983504.85231,92.76798350485231,,,,,,,,36.646004,28.978323,4.394264,10.299132,,,,-5.87552452804686,Technology,Information Technology Services,United States,270300,2018-Q2
IBM,IBM,2018-05-01 00:00:00-04:00,2018,2,5,96.74625396728516,99.03294536094707,100.09413958453106,95.78091405646016,92898293,934735206,90432129631.83861,90.4321296318386,,,,,,,,36.646004,28.978323,4.394264,10.299132,,,,-3.6406844980479636,Technology,Information Technology Services,United States,270300,2018-Q2
IBM,IBM,2018-06-01 00:00:00-04:00,2018,2,6,96.70573425292969,98.5955433581669,102.11903274477855,95.14818992726393,93932265,934735206,90394254428.29349,90.3942544282935,,,,,,,,36.646004,28.978323,4.394264,10.299132,,,,-5.35695019056045,Technology,Information Technology Services,United States,270300,2018-Q2
IBM,IBM,2018-07-01 00:00:00-04:00,2018,3,7,100.32613372802734,95.72274275629188,104.20958643251808,95.66736713904488,99321884,934735206,93778369277.45119,93.77836927745119,,,,,,,,36.646004,28.978323,4.394264,10.299132,,,,4.403039276025922,Technology,Information Technology Services,United States,270300,2018-Q3
IBM,IBM,2018-08-01 00:00:00-04:00,2018,3,8,101.39911651611328,100.2084631768264,102.40286053845388,98.29789352951192,82838075,934735206,94781324064.90715,94.78132406490715,,,,,,,,36.646004,28.978323,4.394264,10.299132,,,,6.72953501056488,Technology,Information Technology Services,United States,270300,2018-Q3
IBM,IBM,2018-09-01 00:00:00-04:00,2018,3,9,105.8042221069336,102.144701618062,107.30162355696991,101.32603355947823,100277823,934735206,98898931346.79433,98.89893134679433,,,,,,,,36.646004,28.978323,4.394264,10.299132,,,,8.644689913085625,Technology,Information Technology Services,United States,270300,2018-Q3
IBM,IBM,2018-10-01 00:00:00-04:00,2018,4,10,80.76837158203125,106.15411389035012,108.00836606610655,79.83074759888396,207205277,934735206,75497040449.01453,75.49704044901452,,,,,,,,36.646004,28.978323,4.394264,10.299132,,,,-21.89756406663156,Technology,Information Technology Services,United States,270300,2018-Q4
IBM,IBM,2018-11-01 00:00:00-04:00,2018,4,11,86.95387268066406,80.81735022370262,87.50664830064858,80.14562451374296,148237970,934735206,81278846092.6583,81.2788460926583,,,,,,,,36.646004,28.978323,4.394264,10.299132,,,,-15.867082128825505,Technology,Information Technology Services,United States,270300,2018-Q4
IBM,IBM,2018-12-01 00:00:00-05:00,2018,4,12,80.54989624023438,89.05344788256706,89.70538567309028,75.07219484369953,120921889,934735206,75292823855.3941,75.2928238553941,,,,,,,,36.646004,28.978323,4.394264,10.299132,,,,-22.55794820998843,Technology,Information Technology Services,United States,270300,2018-Q4
IBM,IBM,2019-01-01 00:00:00-05:00,2019,1,1,95.2539291381836,79.37354849812554,95.95546767475048,79.14679005229341,125924904,934735206,89037201075.28944,89.03720107528945,,,,,,,,36.646004,28.978323,4.394264,10.299132,,,,-14.172181487922797,Technology,Information Technology Services,United States,270300,2019-Q1
IBM,IBM,2019-02-01 00:00:00-05:00,2019,1,2,97.88294219970703,95.6436785252706,99.55530410758534,93.62408179235986,71610414,934735206,91494632140.92924,91.49463214092924,,,,,,,,36.646004,28.978323,4.394264,10.299132,,,,-7.3490794314904795,Technology,Information Technology Services,United States,270300,2019-Q1
IBM,IBM,2019-03-01 00:00:00-05:00,2019,1,3,101.15253448486328,99.86931545816951,101.88375765328878,95.76155571919703,78122915,934735206,94550835159.13078,94.55083515913078,,,,,,,,36.646004,28.978323,4.394264,10.299132,,,,-3.7046949741217916,Technology,Information Technology Services,United States,270300,2019-Q1
IBM,IBM,2019-04-01 00:00:00-04:00,2019,2,4,100.55752563476562,101.44646525324173,104.2279786129962,97.6828172692513,83886585,934735206,93994659439.06293,93.99465943906293,,,,,,,,36.646004,28.978323,4.394264,10.299132,,,,1.3223052694105952,Technology,Information Technology Services,United States,270300,2019-Q2
IBM,IBM,2019-05-01 00:00:00-04:00,2019,2,5,91.03729248046875,100.75825242307081,101.66152885426266,90.93692334722981,79011074,934735206,85095762340.41321,85.0957623404132,,,,,,,,36.646004,28.978323,4.394264,10.299132,,,,-5.900963864447817,Technology,Information Technology Services,United States,270300,2019-Q2
IBM,IBM,2019-06-01 00:00:00-04:00,2019,2,6,100.03282928466797,92.19848873068364,101.66497826020782,92.16947449844649,64163313,934735206,93504207288.16695,93.50420728816695,,,,,,,,36.646004,28.978323,4.394264,10.299132,,,,3.4404320048244674,Technology,Information Technology Services,United States,270300,2019-Q2
IBM,IBM,2019-07-01 00:00:00-04:00,2019,3,7,107.53346252441406,101.26599523168629,110.21745245255431,100.9250606642894,83848718,934735206,100515313244.65146,100.51531324465145,,,,,,,,36.646004,28.978323,4.394264,10.299132,,,,7.18389967655384,Technology,Information Technology Services,United States,270300,2019-Q3
IBM,IBM,2019-08-01 00:00:00-04:00,2019,3,8,98.31361389160156,108.01222765903384,110.9500977677246,93.45342377766421,100678127,934735206,91897196133.57065,91.89719613357065,,,,,,,,36.646004,28.978323,4.394264,10.299132,,,,-3.0429285091664537,Technology,Information Technology Services,United States,270300,2019-Q3
IBM,IBM,2019-09-01 00:00:00-04:00,2019,3,9,106.73074340820312,98.9729104050443,107.57478371845299,97.85730868814073,64655351,934735206,99764983426.19989,99.76498342619989,,,,,,,,36.646004,28.978323,4.394264,10.299132,,,,0.8756940723340101,Technology,Information Technology Services,United States,270300,2019-Q3
IBM,IBM,2019-10-01 00:00:00-04:00,2019,4,10,98.15089416503906,106.85552027264663,108.14727033776383,96.07382177138196,95625532,934735206,91745096276.44199,91.74509627644198,,,,,,,,36.646004,28.978323,4.394264,10.299132,,,,21.521447371702294,Technology,Information Technology Services,United States,270300,2019-Q4
IBM,IBM,2019-11-01 00:00:00-04:00,2019,4,11,98.6793441772461,98.71603343532178,102.12155098711466,97.43162825893268,67751825,934735206,92239057107.46303,92.23905710746303,,,,,,,,36.646004,28.978323,4.394264,10.299132,,,,13.484703021386446,Technology,Information Technology Services,United States,270300,2019-Q4
IBM,IBM,2019-12-01 00:00:00-05:00,2019,4,12,99.54037475585938,99.84485829953157,101.3078111131238,97.05261536540604,75159179,934735206,93043892702.73541,93.04389270273542,,,,,,,,36.646004,28.978323,4.394264,10.299132,,,,23.57604342405015,Technology,Information Technology Services,United States,270300,2019-Q4
IBM,IBM,2020-01-01 00:00:00-05:00,2020,1,1,106.73633575439453,100.25328644456482,108.26612578869592,98.9165765907803,118459187,934735206,99770210789.06914,99.77021078906914,,,,,,,,36.646004,28.978323,4.394264,10.299132,,,,12.054522810868583,Technology,Information Technology Services,United States,270300,2020-Q1
IBM,IBM,2020-02-01 00:00:00-05:00,2020,1,2,96.65159606933594,107.12249801106141,117.89044593373544,93.83708199220251,123581342,934735206,90343649562.09952,90.34364956209951,,,,,,,,36.646004,28.978323,4.394264,10.299132,,,,-1.2579782571909393,Technology,Information Technology Services,United States,270300,2020-Q1
IBM,IBM,2020-03-01 00:00:00-05:00,2020,1,3,83.23871612548828,98.11107760288031,102.125559657364,67.95364618444935,198819809,934735206,77806158464.73381,77.80615846473381,,,,,,,,36.646004,28.978323,4.394264,10.299132,,,,-17.709707869016043,Technology,Information Technology Services,United States,270300,2020-Q1
IBM,IBM,2020-04-01 00:00:00-04:00,2020,2,4,94.21662139892578,79.80949509475371,97.0305174656789,78.42880841463099,136705925,934735206,88067593011.9489,88.0675930119489,,,,,,,,36.646004,28.978323,4.394264,10.299132,,,,-6.305748073864315,Technology,Information Technology Services,United States,270300,2020-Q2
IBM,IBM,2020-05-01 00:00:00-04:00,2020,2,5,93.72140502929688,92.43827211613885,95.27467276317897,83.89903922633789,97154572,934735206,87604696836.66925,87.60469683666925,,,,,,,,36.646004,28.978323,4.394264,10.299132,,,,2.9483659670612283,Technology,Information Technology Services,United States,270300,2020-Q2
IBM,IBM,2020-06-01 00:00:00-04:00,2020,2,6,91.83771514892578,94.78059586452011,103.32788866006987,88.11918482097924,126567676,934735206,85843945588.30046,85.84394558830046,,,,,,,,36.646004,28.978323,4.394264,10.299132,,,,-8.192424621342042,Technology,Information Technology Services,United States,270300,2020-Q2
IBM,IBM,2020-07-01 00:00:00-04:00,2020,3,7,93.48785400390625,91.45749270661408,100.50666491216056,87.60208679654392,119434686,934735206,87386388470.83923,87.38638847083924,,,,,,,,36.646004,28.978323,4.394264,10.299132,,,,-13.061616533847719,Technology,Information Technology Services,United States,270300,2020-Q3
IBM,IBM,2020-08-01 00:00:00-04:00,2020,3,8,93.76922607421875,93.91370572950447,99.21393897076504,92.88712219092879,77439042,934735206,87649396850.94543,87.64939685094544,,,,,,,,36.646004,28.978323,4.394264,10.299132,,,,-4.622338288157479,Technology,Information Technology Services,United States,270300,2020-Q3
IBM,IBM,2020-09-01 00:00:00-04:00,2020,3,9,93.73355102539062,94.64261161163273,100.11239429378713,89.73521652560785,88369845,934735206,87616050126.83002,87.61605012683002,,,,,,,,36.646004,28.978323,4.394264,10.299132,,,,-12.177552566183625,Technology,Information Technology Services,United States,270300,2020-Q3
IBM,IBM,2020-10-01 00:00:00-04:00,2020,4,10,86.02192687988281,94.265118011548,104.38806392411,81.5998789323984,166434813,934735206,80407723542.5842,80.4077235425842,,,,,,,,36.646004,28.978323,4.394264,10.299132,,,,-12.357469983677982,Technology,Information Technology Services,United States,270300,2020-Q4
IBM,IBM,2020-11-01 00:00:00-04:00,2020,4,11,95.15875244140625,86.78459847540712,96.53775297347416,85.63671322147661,108438088,934735206,88948236066.02087,88.94823606602087,,,,,,,,36.646004,28.978323,4.394264,10.299132,,,,-3.5677088910483823,Technology,Information Technology Services,United States,270300,2020-Q4
IBM,IBM,2020-12-01 00:00:00-05:00,2020,4,12,98.38311004638672,96.8356129777688,99.79773729898446,95.13180691702387,107553067,934735206,91962156636.12996,91.96215663612996,,,,,,,,36.646004,28.978323,4.394264,10.299132,,,,-1.1626083509440832,Technology,Information Technology Services,United States,270300,2020-Q4
IBM,IBM,2021-01-01 00:00:00-05:00,2021,1,1,93.09192657470703,98.35965972325714,103.35384435281352,91.72419021687925,183999975,934735206,87016301163.74565,87.01630116374565,,,,,,,,36.646004,28.978323,4.394264,10.299132,,,,-12.783284233294223,Technology,Information Technology Services,United States,270300,2021-Q1
IBM,IBM,2021-02-01 00:00:00-05:00,2021,1,2,92.95122528076172,93.70934336839947,97.18729718150009,92.31816184315923,111617824,934735206,86884782710.76521,86.88478271076521,,,,,,,,36.646004,28.978323,4.394264,10.299132,,,,-3.82856666528264,Technology,Information Technology Services,United States,270300,2021-Q1
IBM,IBM,2021-03-01 00:00:00-05:00,2021,1,3,105.54280090332031,95.31799074548037,108.56034686446105,94.05870319596616,133852331,934735206,98654571744.1821,98.65457174418209,,,,,,,,36.646004,28.978323,4.394264,10.299132,,,,26.795325319779128,Technology,Information Technology Services,United States,270300,2021-Q1
IBM,IBM,2021-04-01 00:00:00-04:00,2021,2,4,112.36988830566406,105.93879923125127,117.80305466890778,103.26181389989874,128573588,934735206,105036090693.59189,105.03609069359189,,,,,,,,36.646004,28.978323,4.394264,10.299132,,,,19.267584251270197,Technology,Information Technology Services,United States,270300,2021-Q2
IBM,IBM,2021-05-01 00:00:00-04:00,2021,2,5,113.84303283691406,113.89847615557727,117.62091478303502,111.60957471682963,102542414,934735206,106413090750.47763,106.41309075047764,,,,,,,,36.646004,28.978323,4.394264,10.299132,,,,21.469618174553883,Technology,Information Technology Services,United States,270300,2021-Q2
IBM,IBM,2021-06-01 00:00:00-04:00,2021,2,6,117.39745330810547,116.1240891350822,122.40280219810408,114.55442045598734,88332817,934735206,109735532701.82735,109.73553270182735,,,,,,,,36.646004,28.978323,4.394264,10.299132,,,,27.831417754385047,Technology,Information Technology Services,United States,270300,2021-Q2
IBM,IBM,2021-07-01 00:00:00-04:00,2021,3,7,112.88862609863281,117.69375369629343,118.12621428532802,109.08455024012727,115710194,934735206,105520973171.36252,105.52097317136251,,,,,,,,36.646004,28.978323,4.394264,10.299132,,,,20.752184656967245,Technology,Information Technology Services,United States,270300,2021-Q3
IBM,IBM,2021-08-01 00:00:00-04:00,2021,3,8,112.3921127319336,113.28106466254803,115.88384321014766,109.88543087737683,72891244,934735206,105056864647.25917,105.05686464725918,,,,,,,,36.646004,28.978323,4.394264,10.299132,,,,19.860339513706492,Technology,Information Technology Services,United States,270300,2021-Q3
IBM,IBM,2021-09-01 00:00:00-04:00,2021,3,9,112.54386138916016,113.3944461848343,113.87238053314162,107.5618952051671,80160627,934735206,105198709459.63206,105.19870945963207,,,,,,,,36.646004,28.978323,4.394264,10.299132,,,,20.067852074306014,Technology,Information Technology Services,United States,270300,2021-Q3
IBM,IBM,2021-10-01 00:00:00-04:00,2021,4,10,101.34049224853516,114.22070074376524,118.27107231676379,100.95165430195775,150725359,934735206,94726525898.07591,94.7265258980759,,,,,,,,36.646004,28.978323,4.394264,10.299132,,,,17.807744983488337,Technology,Information Technology Services,United States,270300,2021-Q4
IBM,IBM,2021-11-01 00:00:00-04:00,2021,4,11,99.22344207763672,101.29998990645018,105.7310089039954,97.07119923388751,120104799,934735206,92747644570.46883,92.74764457046882,,,,,,,,36.646004,28.978323,4.394264,10.299132,,,,4.271482687557615,Technology,Information Technology Services,United States,270300,2021-Q4
IBM,IBM,2021-12-01 00:00:00-05:00,2021,4,12,114.76667785644531,101.53493404678007,115.90867910970734,100.08381957382379,113968900,934735206,107276454268.08005,107.27645426808004,,,,,,,,36.646004,28.978323,4.394264,10.299132,,,,16.65282567539681,Technology,Information Technology Services,United States,270300,2021-Q4
IBM,IBM,2022-01-01 00:00:00-05:00,2022,1,1,114.68940734863281,115.11873055391737,122.09951696254937,106.63529982488495,146976800,934735206,107204226804.0422,107.20422680404221,,,,,,,,36.646004,28.978323,4.394264,10.299132,,,,23.20016522226944,Technology,Information Technology Services,United States,270300,2022-Q1
IBM,IBM,2022-02-01 00:00:00-05:00,2022,1,2,105.19277954101562,114.85254565515913,119.19730774390496,102.01578371170133,98534100,934735206,98327394453.98383,98.32739445398383,,,,,,,,36.646004,28.978323,4.394264,10.299132,,,,13.169868630863068,Technology,Information Technology Services,United States,270300,2022-Q1
IBM,IBM,2022-03-01 00:00:00-05:00,2022,1,3,112.98597717285156,106.59890138033039,115.64508194860402,104.88699163076274,96571700,934735206,105611970647.7767,105.6119706477767,,,,,,,,36.646004,28.978323,4.394264,10.299132,,,,7.052282302370738,Technology,Information Technology Services,United States,270300,2022-Q1
IBM,IBM,2022-04-01 00:00:00-04:00,2022,2,4,114.88909149169922,112.67316592600763,123.29221718520994,108.54546638079361,107684000,934735206,107390878602.64632,107.39087860264631,,,,,,,,36.646004,28.978323,4.394264,10.299132,,,,2.2418845689180733,Technology,Information Technology Services,United States,270300,2022-Q2
IBM,IBM,2022-05-01 00:00:00-04:00,2022,2,5,120.65047454833984,115.57558007908106,121.5107787525046,109.31885959892539,113226200,934735206,112776246180.9402,112.7762461809402,,,,,,,,36.646004,28.978323,4.394264,10.299132,,,,5.979673539774533,Technology,Information Technology Services,United States,270300,2022-Q2
IBM,IBM,2022-06-01 00:00:00-04:00,2022,2,6,124.18091583251953,122.84402568902743,127.2944479573977,116.84563454226729,105811300,934735206,116076273941.9788,116.07627394197881,,,,,,,,36.646004,28.978323,4.394264,10.299132,,,,5.778202450960412,Technology,Information Technology Services,United States,270300,2022-Q2
IBM,IBM,2022-07-01 00:00:00-04:00,2022,3,7,115.0337905883789,124.01380308566121,124.77899034203269,110.05565134393407,129791800,934735206,107526133942.58922,107.52613394258921,,,,,,,,36.646004,28.978323,4.394264,10.299132,,,,1.9002485581424589,Technology,Information Technology Services,United States,270300,2022-Q3
IBM,IBM,2022-08-01 00:00:00-04:00,2022,3,8,112.9757080078125,114.9986311636392,122.55379613922692,112.93172879170424,77419800,934735206,105602371697.67847,105.60237169767846,,,,,,,,36.646004,28.978323,4.394264,10.299132,,,,0.5192493153597377,Technology,Information Technology Services,United States,270300,2022-Q3
IBM,IBM,2022-09-01 00:00:00-04:00,2022,3,9,105.81362915039062,114.35459655130917,116.66129238682687,105.63550943532142,87265100,934735206,98907724441.49799,98.90772444149799,,,,,,,,36.646004,28.978323,4.394264,10.299132,,,,-5.980097142302032,Technology,Information Technology Services,United States,270300,2022-Q3
IBM,IBM,2022-10-01 00:00:00-04:00,2022,4,10,123.1627197265625,107.01593442671104,123.67037505755658,102.91021282227629,113478200,934735206,115124530195.12866,115.12453019512866,,,,,,,,36.646004,28.978323,4.394264,10.299132,,,,21.533571619633385,Technology,Information Technology Services,United States,270300,2022-Q4
IBM,IBM,2022-11-01 00:00:00-04:00,2022,4,11,132.6121063232422,123.12709503489846,134.00147230097494,119.31527719440851,93661300,934735206,123957204522.14969,123.9572045221497,,,,,,,,36.646004,28.978323,4.394264,10.299132,,,,33.649975798542386,Technology,Information Technology Services,United States,270300,2022-Q4
IBM,IBM,2022-12-01 00:00:00-05:00,2022,4,12,126.97441101074219,135.16659595001096,138.0775814303429,123.6488670498116,86424100,934735206,118687452232.85477,118.68745223285477,,,,,,,,36.646004,28.978323,4.394264,10.299132,,,,10.637001420888726,Technology,Information Technology Services,United States,270300,2022-Q4
IBM,IBM,2023-01-01 00:00:00-05:00,2023,1,1,121.42282104492188,127.16367055478644,132.6431416817111,119.845667155165,105575000,934735206,113498185642.52618,113.49818564252618,,,,,,,,36.646004,28.978323,4.394264,10.299132,,,,5.870998771334501,Technology,Information Technology Services,United States,270300,2023-Q1
IBM,IBM,2023-02-01 00:00:00-05:00,2023,1,2,116.52912902832031,121.20651843185989,123.8200818886952,116.13258533104847,76080200,934735206,108923879427.28757,108.92387942728757,,,,,,,,36.646004,28.978323,4.394264,10.299132,,,,10.776737278706982,Technology,Information Technology Services,United States,270300,2023-Q1
IBM,IBM,2023-03-01 00:00:00-05:00,2023,1,3,119.59349822998047,117.59555742277436,119.94929495451004,111.03611996877123,138239000,934735206,111788253204.26143,111.78825320426142,,,,,,,,36.646004,28.978323,4.394264,10.299132,,,,5.848089490805042,Technology,Information Technology Services,United States,270300,2023-Q1
IBM,IBM,2023-04-01 00:00:00-04:00,2023,2,4,115.32394409179688,119.48403339067588,120.98020610203771,113.63618209297914,83680100,934735206,107797350637.37823,107.79735063737823,,,,,,,,36.646004,28.978323,4.394264,10.299132,,,,0.3784977272007328,Technology,Information Technology Services,United States,270300,2023-Q2
IBM,IBM,2023-05-01 00:00:00-04:00,2023,2,5,117.31273651123047,115.26918501685437,118.66295148764756,109.9778454560214,96214100,934735206,109656344929.24873,109.65634492924873,,,,,,,,36.646004,28.978323,4.394264,10.299132,,,,-2.7664524732325613,Technology,Information Technology Services,United States,270300,2023-Q2
IBM,IBM,2023-06-01 00:00:00-04:00,2023,2,6,123.7395248413086,118.77367283977964,128.9735594913937,118.16334071936258,100714300,934735206,115663690242.8827,115.66369024288271,,,,,,,,36.646004,28.978323,4.394264,10.299132,,,,-0.3554418875491572,Technology,Information Technology Services,United States,270300,2023-Q2
IBM,IBM,2023-07-01 00:00:00-04:00,2023,3,7,133.3291015625,123.37889714239081,133.7175050568041,121.64963662382821,85773800,934735206,124627405214.81836,124.62740521481835,,,,,,,,36.646004,28.978323,4.394264,10.299132,,,,15.904292886936599,Technology,Information Technology Services,United States,270300,2023-Q3
IBM,IBM,2023-08-01 00:00:00-04:00,2023,3,8,135.77963256835938,133.39380067925148,136.6118932715842,129.2417112663997,84269600,934735206,126918002819.38971,126.91800281938971,,,,,,,,36.646004,28.978323,4.394264,10.299132,,,,20.184803408330865,Technology,Information Technology Services,United States,270300,2023-Q3
IBM,IBM,2023-09-01 00:00:00-04:00,2023,3,9,131.23411560058594,137.74436722800647,142.11260005927593,130.58869964769542,82801600,934735206,122669148080.14151,122.66914808014151,,,,,,,,36.646004,28.978323,4.394264,10.299132,,,,24.023830062633735,Technology,Information Technology Services,United States,270300,2023-Q3
IBM,IBM,2023-10-01 00:00:00-04:00,2023,4,10,135.29368591308594,130.99092192253337,135.40592721400114,127.09037971492738,94385300,934735206,126463771372.46768,126.46377137246768,,,,,,,,36.646004,28.978323,4.394264,10.299132,,,,9.849543931358284,Technology,Information Technology Services,United States,270300,2023-Q4
IBM,IBM,2023-11-01 00:00:00-04:00,2023,4,11,148.31417846679688,135.6303999042284,148.35160174229577,135.1159369121011,78458700,934735206,138634484161.88214,138.63448416188214,,,,,,,,36.646004,28.978323,4.394264,10.299132,,,,11.840602324256032,Technology,Information Technology Services,United States,270300,2023-Q4
IBM,IBM,2023-12-01 00:00:00-05:00,2023,4,12,154.7167510986328,149.85436044515362,157.3560582754163,149.46650087097782,87834600,934735206,144619194209.83127,144.61919420983128,,,,,,,,36.646004,28.978323,4.394264,10.299132,,,,21.84876454008011,Technology,Information Technology Services,United States,270300,2023-Q4
IBM,IBM,2024-01-01 00:00:00-05:00,2024,1,1,173.74058532714844,154.03560526436272,186.2654879035313,149.3624107823105,129888400,934735206,162401441816.33267,162.40144181633266,,,,,,,,36.646004,28.978323,4.394264,10.299132,,,,43.08725808871707,Technology,Information Technology Services,United States,270300,2024-Q1
IBM,IBM,2024-02-01 00:00:00-05:00,2024,1,2,175.03659057617188,173.7122098806914,178.74487095818415,169.0957724255875,88674100,934735206,163612863549.75568,163.61286354975567,,,,,,,,36.646004,28.978323,4.394264,10.299132,,,,50.20844318988462,Technology,Information Technology Services,United States,270300,2024-Q1
IBM,IBM,2024-03-01 00:00:00-05:00,2024,1,3,182.29327392578125,177.07152907952081,190.1401952702413,176.77558621477036,99991800,934735206,170395940955.42957,170.39594095542955,,,,,,,,36.646004,28.978323,4.394264,10.299132,,,,52.42741171031553,Technology,Information Technology Services,United States,270300,2024-Q1
IBM,IBM,2024-04-01 00:00:00-04:00,2024,2,4,158.65701293945312,181.37685326121735,184.50798935221474,157.75967249271562,98358100,934735206,148302295673.30438,148.30229567330437,15769000000.0,15769.0,8950000000.0,1834000000.0,2434000000.0,3801000000.0,2.3511683631381888,36.646004,28.978323,4.394264,10.299132,,,,37.57508398530274,Technology,Information Technology Services,United States,270300,2024-Q2
IBM,IBM,2024-05-01 00:00:00-04:00,2024,2,5,159.2775115966797,158.1701547493015,167.49674696914872,155.2394798359199,78608400,934735206,148882297613.48978,148.88229761348978,15769000000.0,15769.0,8950000000.0,1834000000.0,2434000000.0,3801000000.0,2.3603636504136243,36.646004,28.978323,4.394264,10.299132,,0.0,,35.77171271717108,Technology,Information Technology Services,United States,270300,2024-Q2
IBM,IBM,2024-06-01 00:00:00-04:00,2024,2,6,166.73959350585938,160.55976451568574,172.05174617856844,157.65785489220718,70651300,934735206,155857368284.05573,155.85736828405572,15769000000.0,15769.0,8950000000.0,1834000000.0,2434000000.0,3801000000.0,2.470945657366601,36.646004,28.978323,4.394264,10.299132,,0.0,,34.75047178312409,Technology,Information Technology Services,United States,270300,2024-Q2
IBM,IBM,2024-07-01 00:00:00-04:00,2024,3,7,185.24049377441406,167.2216258037211,189.21254505098497,167.1541470652925,81257600,934735206,173150811107.76865,173.15081110776865,14967000000.0,14967.0,8420000000.0,-330000000.0,2177000000.0,895000000.0,2.892209713165107,36.646004,28.978323,4.394264,10.299132,,-5.085928086752489,,38.934779881929835,Technology,Information Technology Services,United States,270300,2024-Q3
IBM,IBM,2024-08-01 00:00:00-04:00,2024,3,8,194.87176513671875,185.88642780686203,194.9103223131599,175.2814242709116,65453400,934735206,182153499528.65442,182.1534995286544,14967000000.0,14967.0,8420000000.0,-330000000.0,2177000000.0,895000000.0,3.0425853465733685,36.646004,28.978323,4.394264,10.299132,,0.0,-5.085928086752489,43.52061605308069,Technology,Information Technology Services,United States,270300,2024-Q3
IBM,IBM,2024-09-01 00:00:00-04:00,2024,3,9,215.00547790527344,196.36220586067216,217.99111706632934,193.862813566538,83444300,934735206,200973189680.9142,200.9731896809142,14967000000.0,14967.0,8420000000.0,-330000000.0,2177000000.0,895000000.0,3.3569384258855184,36.646004,28.978323,4.394264,10.299132,,0.0,-5.085928086752489,63.83352523946408,Technology,Information Technology Services,United States,270300,2024-Q3
IBM,IBM,2024-10-01 00:00:00-04:00,2024,4,10,201.0400390625,214.56784316020006,230.84787542970244,197.9182324093656,105623600,934735206,187919202327.33398,187.91920232733398,17553000000.0,17553.0,10439000000.0,2914000000.0,3901000000.0,4843000000.0,2.676454200526035,36.646004,28.978323,4.394264,10.299132,,17.278011625576273,11.31333629272624,48.595285660005,Technology,Information Technology Services,United States,270300,2024-Q4
IBM,IBM,2024-11-01 00:00:00-04:00,2024,4,11,221.16156005859375,202.06120020363193,224.0305012517469,198.46286642715864,77279500,934735206,206727496400.651,206.727496400651,17553000000.0,17553.0,10439000000.0,2914000000.0,3901000000.0,4843000000.0,2.9443328263067707,36.646004,28.978323,4.394264,10.299132,,0.0,17.278011625576273,49.11693699473596,Technology,Information Technology Services,United States,270300,2024-Q4
IBM,IBM,2024-12-01 00:00:00-05:00,2024,4,12,215.47471618652344,222.99275587555,234.60798892242926,213.3378987044997,81531000,934735206,201411803222.40152,201.41180322240152,17553000000.0,17553.0,10439000000.0,2914000000.0,3901000000.0,4843000000.0,2.868623643001218,36.646004,28.978323,4.394264,10.299132,,0.0,17.278011625576273,39.2704504563679,Technology,Information Technology Services,United States,270300,2024-Q4
IBM,IBM,2025-01-01 00:00:00-05:00,2025,1,1,250.63406372070312,217.42530509876596,256.6132014302056,210.3581431757415,92417100,934735206,234276483182.58856,234.27648318258855,14541000000.0,14541.0,8031000000.0,1055000000.0,1765000000.0,2790000000.0,4.027860587005511,36.646004,28.978323,4.394264,10.299132,,-17.15945992138096,-2.8462617759069997,44.25763747069604,Technology,Information Technology Services,United States,270300,2025-Q1
IBM,IBM,2025-02-01 00:00:00-05:00,2025,1,2,247.43865966796875,247.39944377256788,260.4555550354301,241.65554152785361,94123600,934735206,231289626517.10266,231.28962651710265,14541000000.0,14541.0,8031000000.0,1055000000.0,1765000000.0,2790000000.0,3.976508261417761,36.646004,28.978323,4.394264,10.299132,,0.0,-17.15945992138096,41.36396215983717,Technology,Information Technology Services,United States,270300,2025-Q1
IBM,IBM,2025-03-01 00:00:00-05:00,2025,1,3,245.35733032226562,251.35657827389502,262.911054036207,234.0692726669711,100849800,934735206,229344134702.393,229.344134702393,14541000000.0,14541.0,8031000000.0,1055000000.0,1765000000.0,2790000000.0,3.9430598772847985,36.646004,28.978323,4.394264,10.299132,,0.0,-17.15945992138096,34.59483448750842,Technology,Information Technology Services,United States,270300,2025-Q1
IBM,IBM,2025-04-01 00:00:00-04:00,2025,2,4,238.6082000732422,244.7357116053205,249.43248477228124,211.65105187962885,120774500,934735206,223035485048.75125,223.03548504875124,16977000000.0,16977.0,9977000000.0,2194000000.0,3086000000.0,4372000000.0,3.284377172774213,36.646004,28.978323,4.394264,10.299132,,16.752630493088503,-3.281490343531024,50.392469675639305,Technology,Information Technology Services,United States,270300,2025-Q2
IBM,IBM,2025-05-01 00:00:00-04:00,2025,2,5,255.61920166015625,238.23323266626474,265.7034623627801,234.7895809008069,78162200,934735206,238936267121.3617,238.93626712136168,16977000000.0,16977.0,9977000000.0,2194000000.0,3086000000.0,4372000000.0,3.518528996898181,36.646004,28.978323,4.394264,10.299132,,0.0,16.752630493088503,60.486687102088624,Technology,Information Technology Services,United States,270300,2025-Q2
IBM,IBM,2025-06-01 00:00:00-04:00,2025,2,6,292.80035400390625,256.11837091954425,294.171091231289,255.4925969407276,74394200,934735206,273690799216.71423,273.69079921671425,16977000000.0,16977.0,9977000000.0,2194000000.0,3086000000.0,4372000000.0,4.0303174768321,36.646004,28.978323,4.394264,10.299132,,0.0,16.752630493088503,75.60337520771094,Technology,Information Technology Services,United States,270300,2025-Q2
IBM,IBM,2025-07-01 00:00:00-04:00,2025,3,7,251.4499053955078,292.57186786690477,293.624746761845,250.52615830492192,109053700,934735206,235039079118.5505,235.03907911855052,,,,,,,,36.646004,28.978323,4.394264,10.299132,,0.0,16.752630493088503,35.74240721994815,Technology,Information Technology Services,United States,270300,2025-Q3
IBM,IBM,2025-08-01 00:00:00-04:00,2025,3,8,241.85479736328125,249.72160712571153,253.28749409128488,231.79282264994768,104949700,934735206,226070193835.45496,226.07019383545494,,,,,,,,36.646004,28.978323,4.394264,10.299132,,0.0,0.0,24.109717584586974,Technology,Information Technology Services,United States,270300,2025-Q3
IBM,IBM,2025-09-01 00:00:00-04:00,2025,3,9,282.1600036621094,240.89999389648438,288.8500061035156,238.25,110284600,934735206,263744889148.06256,263.74488914806255,,,,,,,,36.646004,28.978323,4.394264,10.299132,,0.0,0.0,31.233867346590436,Technology,Information Technology Services,United States,270300,2025-Q3
IBM,IBM,2025-10-01 00:00:00-04:00,2025,4,10,307.4599914550781,280.20001220703125,310.75,263.55999755859375,123849885,934735206,287393678449.5207,287.3936784495207,,,,,,,,36.646004,28.978323,4.394264,10.299132,,0.0,0.0,52.934705389454265,Technology,Information Technology Services,United States,270300,2025-Q4
