ticker,company_name,date,year,quarter,month,close_price,open_price,high_price,low_price,volume,shares_outstanding,market_cap,market_cap_billions,revenue,revenue_millions,gross_profit,net_income,operating_income,ebitda,ps_ratio,current_pe,forward_pe,current_ps,current_pb,peg_ratio,revenue_qoq_pct,revenue_yoy_pct,market_cap_yoy_pct,sector,industry,country,employees,year_quarter
IFX GR,INFINEON TECHNOLOGIES AG,2015-01-01 00:00:00+01:00,2015,1,1,8.76934814453125,7.774369534060519,8.895038600311464,7.445639360115132,155017879,1299391231,11394814080.590027,11.394814080590027,,,,,,,,34.742107,17.101038,2.93,2.666209,,,,,Technology,Semiconductors,Germany,56371,2015-Q1
IFX GR,INFINEON TECHNOLOGIES AG,2015-02-01 00:00:00+01:00,2015,1,2,9.092804908752441,8.723643124622413,9.180700052731176,8.533788037740512,102615582,1299391231,11815110963.626678,11.815110963626678,,,,,,,,34.742107,17.101038,2.93,2.666209,,,,,Technology,Semiconductors,Germany,56371,2015-Q1
IFX GR,INFINEON TECHNOLOGIES AG,2015-03-01 00:00:00+01:00,2015,1,3,9.957650184631348,9.241915955964066,10.212630306286599,9.156922297671821,133906006,1299391231,12938883331.275505,12.938883331275505,,,,,,,,34.742107,17.101038,2.93,2.666209,,,,,Technology,Semiconductors,Germany,56371,2015-Q1
IFX GR,INFINEON TECHNOLOGIES AG,2015-04-01 00:00:00+02:00,2015,2,4,9.465583801269531,9.86371063806279,10.718118187517591,9.304543348983911,116271510,1299391231,12299496587.665276,12.299496587665276,,,,,,,,34.742107,17.101038,2.93,2.666209,,,,,Technology,Semiconductors,Germany,56371,2015-Q2
IFX GR,INFINEON TECHNOLOGIES AG,2015-05-01 00:00:00+02:00,2015,2,5,10.619705200195312,9.465583933538104,11.205712288436583,9.389537147031865,114655217,1299391231,13799151812.938889,13.799151812938888,,,,,,,,34.742107,17.101038,2.93,2.666209,,,,,Technology,Semiconductors,Germany,56371,2015-Q2
IFX GR,INFINEON TECHNOLOGIES AG,2015-06-01 00:00:00+02:00,2015,2,6,9.957650184631348,10.727063989846322,10.865738077907745,9.886076847086768,133674396,1299391231,12938883331.275505,12.938883331275505,,,,,,,,34.742107,17.101038,2.93,2.666209,,,,,Technology,Semiconductors,Germany,56371,2015-Q2
IFX GR,INFINEON TECHNOLOGIES AG,2015-07-01 00:00:00+02:00,2015,3,7,9.130083084106445,10.05159050291486,10.337884724335936,8.804423780524393,163789461,1299391231,11863549897.78935,11.863549897789351,,,,,,,,34.742107,17.101038,2.93,2.666209,,,,,Technology,Semiconductors,Germany,56371,2015-Q3
IFX GR,INFINEON TECHNOLOGIES AG,2015-08-01 00:00:00+02:00,2015,3,8,8.726587295532227,9.215076223093455,9.340329137938776,7.441844769694914,205441440,1299391231,11339251008.37058,11.339251008370582,,,,,,,,34.742107,17.101038,2.93,2.666209,,,,,Technology,Semiconductors,Germany,56371,2015-Q3
IFX GR,INFINEON TECHNOLOGIES AG,2015-09-01 00:00:00+02:00,2015,3,9,8.995882987976074,8.585230034131072,9.246389676988985,8.023379402667125,186425271,1299391231,11689171469.678188,11.689171469678188,,,,,,,,34.742107,17.101038,2.93,2.666209,,,,,Technology,Semiconductors,Germany,56371,2015-Q3
IFX GR,INFINEON TECHNOLOGIES AG,2015-10-01 00:00:00+02:00,2015,4,10,10.015803337097168,9.130082633069366,10.700224346512195,8.697958367154726,148324321,1299391231,13014447027.644596,13.014447027644596,,,,,,,,34.742107,17.101038,2.93,2.666209,,,,,Technology,Semiconductors,Germany,56371,2015-Q4
IFX GR,INFINEON TECHNOLOGIES AG,2015-11-01 00:00:00+01:00,2015,4,11,12.552186965942383,9.939757344003567,12.641654072768032,9.71161698949757,133911752,1299391231,16310201673.418028,16.310201673418028,,,,,,,,34.742107,17.101038,2.93,2.666209,,,,,Technology,Semiconductors,Germany,56371,2015-Q4
IFX GR,INFINEON TECHNOLOGIES AG,2015-12-01 00:00:00+01:00,2015,4,12,12.082487106323242,12.570081059597294,12.69980742936678,11.621732944515017,119910290,1299391231,15699877794.626986,15.699877794626985,,,,,,,,34.742107,17.101038,2.93,2.666209,,,,,Technology,Semiconductors,Germany,56371,2015-Q4
IFX GR,INFINEON TECHNOLOGIES AG,2016-01-01 00:00:00+01:00,2016,1,1,10.986518859863281,12.082487107991291,12.082487107991291,10.10527150315629,141819758,1299391231,14275786265.722466,14.275786265722466,,,,,,,,34.742107,17.101038,2.93,2.666209,,,,25.283187288153286,Technology,Semiconductors,Germany,56371,2016-Q1
IFX GR,INFINEON TECHNOLOGIES AG,2016-02-01 00:00:00+01:00,2016,1,2,10.07843017578125,11.214657511347045,11.237024711847655,9.049561989732553,150080280,1299391231,13095823792.655945,13.095823792655946,,,,,,,,34.742107,17.101038,2.93,2.666209,,,,10.83961744389872,Technology,Semiconductors,Germany,56371,2016-Q1
IFX GR,INFINEON TECHNOLOGIES AG,2016-03-01 00:00:00+01:00,2016,1,3,11.386448860168457,10.271022705059181,11.559453297248757,10.198178640144345,120059222,1299391231,14795451801.13284,14.79545180113284,,,,,,,,34.742107,17.101038,2.93,2.666209,,,,14.348753461356978,Technology,Semiconductors,Germany,56371,2016-Q1
IFX GR,INFINEON TECHNOLOGIES AG,2016-04-01 00:00:00+02:00,2016,2,4,11.313604354858398,11.199785399313283,11.832618514265814,10.985805207131849,99264561,1299391231,14700798289.706415,14.700798289706416,,,,,,,,34.742107,17.101038,2.93,2.666209,,,,19.52357712306143,Technology,Semiconductors,Germany,56371,2016-Q2
IFX GR,INFINEON TECHNOLOGIES AG,2016-05-01 00:00:00+02:00,2016,2,5,12.274235725402832,11.39100125730902,12.292447175072255,10.726298106660268,96582848,1299391231,15949034268.815365,15.949034268815366,,,,,,,,34.742107,17.101038,2.93,2.666209,,,,15.579815955504017,Technology,Semiconductors,Germany,56371,2016-Q2
IFX GR,INFINEON TECHNOLOGIES AG,2016-06-01 00:00:00+02:00,2016,2,6,11.814407348632812,12.21960253245562,12.611139998045092,10.926619191939832,114522182,1299391231,15351537308.275436,15.351537308275436,,,,,,,,34.742107,17.101038,2.93,2.666209,,,,18.64653939005796,Technology,Semiconductors,Germany,56371,2016-Q2
IFX GR,INFINEON TECHNOLOGIES AG,2016-07-01 00:00:00+02:00,2016,3,7,13.476163864135742,11.923673454400088,13.758434374067857,10.594268082633258,101169406,1299391231,17510809152.577057,17.510809152577057,,,,,,,,34.742107,17.101038,2.93,2.666209,,,,47.60176594224983,Technology,Semiconductors,Germany,56371,2016-Q3
IFX GR,INFINEON TECHNOLOGIES AG,2016-08-01 00:00:00+02:00,2016,3,8,13.744778633117676,13.644617386874275,14.172737321789256,12.347081863901144,83373877,1299391231,17859844827.909275,17.859844827909274,,,,,,,,34.742107,17.101038,2.93,2.666209,,,,57.504625435359216,Technology,Semiconductors,Germany,56371,2016-Q3
IFX GR,INFINEON TECHNOLOGIES AG,2016-09-01 00:00:00+02:00,2016,3,9,14.459562301635742,13.731120707436265,14.459562301635742,12.784146895487895,85712869,1299391231,18788628458.84366,18.788628458843657,,,,,,,,34.742107,17.101038,2.93,2.666209,,,,60.73533105046429,Technology,Semiconductors,Germany,56371,2016-Q3
IFX GR,INFINEON TECHNOLOGIES AG,2016-10-01 00:00:00+02:00,2016,4,10,14.892070770263672,14.45955928799207,14.996783994231249,14.113549581152991,69470418,1299391231,19350626170.31203,19.35062617031203,,,,,,,,34.742107,17.101038,2.93,2.666209,,,,48.68573462405632,Technology,Semiconductors,Germany,56371,2016-Q4
IFX GR,INFINEON TECHNOLOGIES AG,2016-11-01 00:00:00+01:00,2016,4,11,14.368504524230957,14.978575056122262,15.506694933742494,13.576324707800609,110302700,1299391231,18670308781.369534,18.670308781369535,,,,,,,,34.742107,17.101038,2.93,2.666209,,,,14.470128298891316,Technology,Semiconductors,Germany,56371,2016-Q4
IFX GR,INFINEON TECHNOLOGIES AG,2016-12-01 00:00:00+01:00,2016,4,12,15.033207893371582,14.268344371308938,15.27450352395749,13.776646516892914,79651140,1299391231,19534018510.447018,19.53401851044702,,,,,,,,34.742107,17.101038,2.93,2.666209,,,,24.421468536093972,Technology,Semiconductors,Germany,56371,2016-Q4
IFX GR,INFINEON TECHNOLOGIES AG,2017-01-01 00:00:00+01:00,2017,1,1,15.470272064208984,14.978575084605207,15.70246370361752,14.62801249685817,76994498,1299391231,20101935861.417423,20.101935861417424,,,,,,,,34.742107,17.101038,2.93,2.666209,,,,40.811409524140196,Technology,Semiconductors,Germany,56371,2017-Q1
IFX GR,INFINEON TECHNOLOGIES AG,2017-02-01 00:00:00+01:00,2017,1,2,15.29726505279541,15.461164606539661,16.358058421896136,15.074180899885128,97373794,1299391231,19877132067.88511,19.87713206788511,,,,,,,,34.742107,17.101038,2.93,2.666209,,,,51.78221990915974,Technology,Semiconductors,Germany,56371,2017-Q1
IFX GR,INFINEON TECHNOLOGIES AG,2017-03-01 00:00:00+01:00,2017,1,3,17.65764617919922,15.587057015274008,17.736041777177142,15.485603991959563,104616810,1299391231,22944190605.35212,22.94419060535212,,,,,,,,34.742107,17.101038,2.93,2.666209,,,,55.07597141166962,Technology,Semiconductors,Germany,56371,2017-Q1
IFX GR,INFINEON TECHNOLOGIES AG,2017-04-01 00:00:00+02:00,2017,2,4,17.523910522460938,17.73604164869022,17.763711614394868,16.749169074418635,71401742,1299391231,22770415665.71437,22.77041566571437,,,,,,,,34.742107,17.101038,2.93,2.666209,,,,54.892375345754864,Technology,Semiconductors,Germany,56371,2017-Q2
IFX GR,INFINEON TECHNOLOGIES AG,2017-05-01 00:00:00+02:00,2017,2,5,18.16030502319336,17.523909907663597,18.390882785136302,17.08120102693364,91963900,1299391231,23597341099.422703,23.597341099422703,,,,,,,,34.742107,17.101038,2.93,2.666209,,,,47.9546704941366,Technology,Semiconductors,Germany,56371,2017-Q2
IFX GR,INFINEON TECHNOLOGIES AG,2017-06-01 00:00:00+02:00,2017,2,6,17.048917770385742,18.16030234892241,18.893539594291813,16.836784923668517,103561177,1299391231,22153214248.879303,22.1532142488793,,,,,,,,34.742107,17.101038,2.93,2.666209,,,,44.30616168282597,Technology,Semiconductors,Germany,56371,2017-Q2
IFX GR,INFINEON TECHNOLOGIES AG,2017-07-01 00:00:00+02:00,2017,3,7,16.956687927246094,17.10425754634852,18.155691522245473,16.44480504134828,95121589,1299391231,22033371599.46714,22.03337159946714,,,,,,,,34.742107,17.101038,2.93,2.666209,,,,25.827261364586906,Technology,Semiconductors,Germany,56371,2017-Q3
IFX GR,INFINEON TECHNOLOGIES AG,2017-08-01 00:00:00+02:00,2017,3,8,17.86516761779785,16.804508395783948,17.966620647314887,16.76300432397324,83096080,1299391231,23213842142.91169,23.21384214291169,,,,,,,,34.742107,17.101038,2.93,2.666209,,,,29.977849004801072,Technology,Semiconductors,Germany,56371,2017-Q3
IFX GR,INFINEON TECHNOLOGIES AG,2017-09-01 00:00:00+02:00,2017,3,9,19.6175594329834,17.90667259777906,19.6175594329834,17.90667259777906,68966841,1299391231,25490884700.83996,25.49088470083996,,,,,,,,34.742107,17.101038,2.93,2.666209,,,,35.671875979013265,Technology,Semiconductors,Germany,56371,2017-Q3
IFX GR,INFINEON TECHNOLOGIES AG,2017-10-01 00:00:00+02:00,2017,4,10,21.67892074584961,19.774349668755715,21.78037552563905,19.760513806586136,76337907,1299391231,28169399514.700962,28.169399514700963,,,,,,,,34.742107,17.101038,2.93,2.666209,,,,45.57358127210789,Technology,Semiconductors,Germany,56371,2017-Q4
IFX GR,INFINEON TECHNOLOGIES AG,2017-11-01 00:00:00+01:00,2017,4,11,21.397615432739258,22.181578358150553,23.468202597034427,20.867285915743533,135858922,1299391231,27803873857.611664,27.803873857611663,,,,,,,,34.742107,17.101038,2.93,2.666209,,,,48.92026791413435,Technology,Semiconductors,Germany,56371,2017-Q4
IFX GR,INFINEON TECHNOLOGIES AG,2017-12-01 00:00:00+01:00,2017,4,12,21.060970306396484,21.319218013146845,21.526738334716907,20.189386714970812,85315045,1299391231,27366440132.482975,27.366440132482975,,,,,,,,34.742107,17.101038,2.93,2.666209,,,,40.09631514297525,Technology,Semiconductors,Germany,56371,2017-Q4
IFX GR,INFINEON TECHNOLOGIES AG,2018-01-01 00:00:00+01:00,2018,1,1,21.5913028717041,21.060973281571314,23.518933225850446,20.761223227331378,115949948,1299391231,28055549617.35743,28.05554961735743,,,,,,,,34.742107,17.101038,2.93,2.666209,,,,39.566406990710504,Technology,Semiconductors,Germany,56371,2018-Q1
IFX GR,INFINEON TECHNOLOGIES AG,2018-02-01 00:00:00+01:00,2018,1,2,20.659765243530273,21.701977618073652,21.729645821128138,19.43309173167228,122776338,1299391231,26845117791.961815,26.845117791961815,,,,,,,,34.742107,17.101038,2.93,2.666209,,,,35.055287152489534,Technology,Semiconductors,Germany,56371,2018-Q1
IFX GR,INFINEON TECHNOLOGIES AG,2018-03-01 00:00:00+01:00,2018,1,3,20.27837562561035,20.81005308834357,22.349119896022277,19.765353949422025,119720523,1299391231,26349543466.84223,26.34954346684223,,,,,,,,34.742107,17.101038,2.93,2.666209,,,,14.841895798650473,Technology,Semiconductors,Germany,56371,2018-Q1
IFX GR,INFINEON TECHNOLOGIES AG,2018-04-01 00:00:00+02:00,2018,2,4,19.84930419921875,20.278376636457434,20.79140011733295,18.897880387367124,107359258,1299391231,25792011817.91632,25.792011817916322,,,,,,,,34.742107,17.101038,2.93,2.666209,,,,13.269833087639228,Technology,Semiconductors,Germany,56371,2018-Q2
IFX GR,INFINEON TECHNOLOGIES AG,2018-05-01 00:00:00+02:00,2018,2,5,21.910720825195312,19.84930433155383,22.908782333274317,19.84930433155383,105484116,1299391231,28470598505.147873,28.470598505147873,,,,,,,,34.742107,17.101038,2.93,2.666209,,,,20.65172251904428,Technology,Semiconductors,Germany,56371,2018-Q2
IFX GR,INFINEON TECHNOLOGIES AG,2018-06-01 00:00:00+02:00,2018,2,6,20.362327575683594,21.966688069081577,24.02810649763515,19.634767816350458,142798008,1299391231,26458629894.59275,26.45862989459275,,,,,,,,34.742107,17.101038,2.93,2.666209,,,,19.4347221913012,Technology,Semiconductors,Germany,56371,2018-Q2
IFX GR,INFINEON TECHNOLOGIES AG,2018-07-01 00:00:00+02:00,2018,3,7,21.136524200439453,19.86795906333107,21.742823086576056,19.35493733947254,116462013,1299391231,27464614199.87031,27.46461419987031,,,,,,,,34.742107,17.101038,2.93,2.666209,,,,24.650074891554596,Technology,Semiconductors,Germany,56371,2018-Q3
IFX GR,INFINEON TECHNOLOGIES AG,2018-08-01 00:00:00+02:00,2018,3,8,20.446277618408203,21.761480548232985,21.77080844308946,19.476197902702932,100316740,1299391231,26567713843.951183,26.567713843951182,,,,,,,,34.742107,17.101038,2.93,2.666209,,,,14.447723390173884,Technology,Semiconductors,Germany,56371,2018-Q3
IFX GR,INFINEON TECHNOLOGIES AG,2018-09-01 00:00:00+02:00,2018,3,9,18.254270553588867,20.371654465646248,20.53022510617728,17.041672793608395,136514742,1299391231,23719439085.634888,23.71943908563489,,,,,,,,34.742107,17.101038,2.93,2.666209,,,,-6.949329676057491,Technology,Semiconductors,Germany,56371,2018-Q3
IFX GR,INFINEON TECHNOLOGIES AG,2018-10-01 00:00:00+02:00,2018,4,10,16.51932144165039,18.27758944324418,19.39224876623016,14.695760850257432,207599058,1299391231,21465061423.350796,21.465061423350797,,,,,,,,34.742107,17.101038,2.93,2.666209,,,,-23.800074573301877,Technology,Semiconductors,Germany,56371,2018-Q4
IFX GR,INFINEON TECHNOLOGIES AG,2018-11-01 00:00:00+01:00,2018,4,11,17.25154685974121,16.58928058101335,17.885827675764695,15.208784214604762,186418389,1299391231,22416508710.733315,22.416508710733314,,,,,,,,34.742107,17.101038,2.93,2.666209,,,,-19.376311281183177,Technology,Semiconductors,Germany,56371,2018-Q4
IFX GR,INFINEON TECHNOLOGIES AG,2018-12-01 00:00:00+01:00,2018,4,12,16.197519302368164,18.888555726818463,18.888555726818463,15.418658722669193,123048250,1299391231,21046914545.45043,21.04691454545043,,,,,,,,34.742107,17.101038,2.93,2.666209,,,,-23.092245671849355,Technology,Semiconductors,Germany,56371,2018-Q4
IFX GR,INFINEON TECHNOLOGIES AG,2019-01-01 00:00:00+01:00,2019,1,1,18.10969352722168,16.19751785351296,18.63670622310148,15.250758800715303,135112365,1299391231,23531576965.36931,23.531576965369307,,,,,,,,34.742107,17.101038,2.93,2.666209,,,,-16.12505444979494,Technology,Semiconductors,Germany,56371,2019-Q1
IFX GR,INFINEON TECHNOLOGIES AG,2019-02-01 00:00:00+01:00,2019,1,2,18.00708770751953,18.123683715178565,18.93519093218167,17.592006204911588,105560056,1299391231,23398251862.99877,23.398251862998773,,,,,,,,34.742107,17.101038,2.93,2.666209,,,,-12.839824193265903,Technology,Semiconductors,Germany,56371,2019-Q1
IFX GR,INFINEON TECHNOLOGIES AG,2019-03-01 00:00:00+01:00,2019,1,3,16.725765228271484,18.42813432418164,18.953031416989923,16.167766679510795,127050281,1299391231,21733312669.38068,21.73331266938068,,,,,,,,34.742107,17.101038,2.93,2.666209,,,,-17.51920599030693,Technology,Semiconductors,Germany,56371,2019-Q1
IFX GR,INFINEON TECHNOLOGIES AG,2019-04-01 00:00:00+02:00,2019,2,4,19.884601593017578,17.023678248196635,20.442600079908864,17.01989548277779,107759553,1299391231,25837876941.89567,25.837876941895672,,,,,,,,34.742107,17.101038,2.93,2.666209,,,,0.1778268570251207,Technology,Semiconductors,Germany,56371,2019-Q2
IFX GR,INFINEON TECHNOLOGIES AG,2019-05-01 00:00:00+02:00,2019,2,5,15.211602210998535,19.884601962536507,20.021737583907697,14.927874956480249,161463552,1299391231,19765822522.43171,19.76582252243171,,,,,,,,34.742107,17.101038,2.93,2.666209,,,,-30.574615356759082,Technology,Semiconductors,Germany,56371,2019-Q2
IFX GR,INFINEON TECHNOLOGIES AG,2019-06-01 00:00:00+02:00,2019,2,6,14.706568717956543,14.564704171602775,14.876804910855189,12.692099736088299,230398820,1299391231,19109586430.211643,19.109586430211642,,,,,,,,34.742107,17.101038,2.93,2.666209,,,,-27.775600980317595,Technology,Semiconductors,Germany,56371,2019-Q2
IFX GR,INFINEON TECHNOLOGIES AG,2019-07-01 00:00:00+02:00,2019,3,7,16.096834182739258,15.699614946369755,17.2430950984523,14.786010341941122,150989578,1299391231,20916085183.912445,20.916085183912443,,,,,,,,34.742107,17.101038,2.93,2.666209,,,,-23.843513578242025,Technology,Semiconductors,Germany,56371,2019-Q3
IFX GR,INFINEON TECHNOLOGIES AG,2019-08-01 00:00:00+02:00,2019,3,8,14.893828392028809,16.439200042717772,16.573498148293314,13.876190445370648,153465506,1299391231,19352910008.621063,19.352910008621063,,,,,,,,34.742107,17.101038,2.93,2.666209,,,,-27.15628404350927,Technology,Semiconductors,Germany,56371,2019-Q3
IFX GR,INFINEON TECHNOLOGIES AG,2019-09-01 00:00:00+02:00,2019,3,9,15.616387367248535,14.937332240001739,17.63463982302195,14.634689346651431,131770147,1299391231,20291796804.901924,20.291796804901924,,,,,,,,34.742107,17.101038,2.93,2.666209,,,,-14.450772922403686,Technology,Semiconductors,Germany,56371,2019-Q3
IFX GR,INFINEON TECHNOLOGIES AG,2019-10-01 00:00:00+02:00,2019,4,10,16.435415267944336,15.76392482214787,17.388740668622408,14.449319179953525,173403114,1299391231,21356034477.010384,21.356034477010382,,,,,,,,34.742107,17.101038,2.93,2.666209,,,,-0.5079274835981029,Technology,Semiconductors,Germany,56371,2019-Q4
IFX GR,INFINEON TECHNOLOGIES AG,2019-11-01 00:00:00+01:00,2019,4,11,18.336395263671875,16.441092505938993,18.907634387824938,16.303011633114224,144726759,1299391231,23826151213.765167,23.82615121376517,,,,,,,,34.742107,17.101038,2.93,2.666209,,,,6.288412353690465,Technology,Semiconductors,Germany,56371,2019-Q4
IFX GR,INFINEON TECHNOLOGIES AG,2019-12-01 00:00:00+01:00,2019,4,12,19.208383560180664,18.37611562039135,20.139957662995,17.837032752086532,96425013,1299391231,24959205159.783318,24.959205159783316,,,,,,,,34.742107,17.101038,2.93,2.666209,,,,18.588428274768564,Technology,Semiconductors,Germany,56371,2019-Q4
IFX GR,INFINEON TECHNOLOGIES AG,2020-01-01 00:00:00+01:00,2020,1,1,18.514196395874023,19.20838347002454,20.9012945926861,18.37044048396243,116666849,1299391231,24057184445.81051,24.05718444581051,,,,,,,,34.742107,17.101038,2.93,2.666209,,,,2.2336262512908434,Technology,Semiconductors,Germany,56371,2020-Q1
IFX GR,INFINEON TECHNOLOGIES AG,2020-02-01 00:00:00+01:00,2020,1,2,17.774612426757812,18.565266329976836,21.813952935447553,17.116362530443524,176511598,1299391231,23096175521.75273,23.09617552175273,,,,,,,,34.742107,17.101038,2.93,2.666209,,,,-1.2910209831689778,Technology,Semiconductors,Germany,56371,2020-Q1
IFX GR,INFINEON TECHNOLOGIES AG,2020-03-01 00:00:00+01:00,2020,1,3,12.86139965057373,18.597794230811047,18.705051896347275,9.703030372746417,338055407,1299391231,16711989924.341969,16.711989924341967,,,,,,,,34.742107,17.101038,2.93,2.666209,,,,-23.1042677268113,Technology,Semiconductors,Germany,56371,2020-Q1
IFX GR,INFINEON TECHNOLOGIES AG,2020-04-01 00:00:00+02:00,2020,2,4,16.232370376586914,12.411298597682173,17.167048255636868,12.058878979683247,209333947,1299391231,21092199725.681206,21.092199725681205,,,,,,,,34.742107,17.101038,2.93,2.666209,,,,-18.367132976469257,Technology,Semiconductors,Germany,56371,2020-Q2
IFX GR,INFINEON TECHNOLOGIES AG,2020-05-01 00:00:00+02:00,2020,2,5,18.05767250061035,16.2323689037317,19.584185340653704,15.000814624214605,189028361,1299391231,23463981299.562935,23.463981299562935,,,,,,,,34.742107,17.101038,2.93,2.666209,,,,18.709865339194877,Technology,Semiconductors,Germany,56371,2020-Q2
IFX GR,INFINEON TECHNOLOGIES AG,2020-06-01 00:00:00+02:00,2020,2,6,19.991191864013672,18.05767337893572,20.85787652814754,17.87954747910621,167078995,1299391231,25976379405.33791,25.97637940533791,,,,,,,,34.742107,17.101038,2.93,2.666209,,,,35.933760263226254,Technology,Semiconductors,Germany,56371,2020-Q2
IFX GR,INFINEON TECHNOLOGIES AG,2020-07-01 00:00:00+02:00,2020,3,7,20.235393524169922,19.751775107068337,22.600819396922038,19.464477290694422,119760133,1299391231,26293692901.140583,26.293692901140584,,,,,,,,34.742107,17.101038,2.93,2.666209,,,,25.710393077593285,Technology,Semiconductors,Germany,56371,2020-Q3
IFX GR,INFINEON TECHNOLOGIES AG,2020-08-01 00:00:00+02:00,2020,3,8,22.1794490814209,20.484387108808335,23.098805439646135,20.29285582801626,94842074,1299391231,28819781644.80932,28.819781644809318,,,,,,,,34.742107,17.101038,2.93,2.666209,,,,48.91704468201985,Technology,Semiconductors,Germany,56371,2020-Q3
IFX GR,INFINEON TECHNOLOGIES AG,2020-09-01 00:00:00+02:00,2020,3,9,23.09401512145996,22.505053307290357,23.817050835715044,21.51387344605432,105250523,1299391231,30008160737.40647,30.00816073740647,,,,,,,,34.742107,17.101038,2.93,2.666209,,,,47.88321125981978,Technology,Semiconductors,Germany,56371,2020-Q3
IFX GR,INFINEON TECHNOLOGIES AG,2020-10-01 00:00:00+02:00,2020,4,10,22.888118743896484,23.750014077250853,27.130561197399594,22.385346618322693,111828702,1299391231,29740620789.905827,29.740620789905826,,,,,,,,34.742107,17.101038,2.93,2.666209,,,,39.26097011091356,Technology,Semiconductors,Germany,56371,2020-Q4
IFX GR,INFINEON TECHNOLOGIES AG,2020-11-01 00:00:00+01:00,2020,4,11,28.270179748535156,23.017403638408677,28.677185325716035,22.940790759412447,105904237,1299391231,36734023664.04037,36.734023664040365,,,,,,,,34.742107,17.101038,2.93,2.666209,,,,54.1752309656202,Technology,Semiconductors,Germany,56371,2020-Q4
IFX GR,INFINEON TECHNOLOGIES AG,2020-12-01 00:00:00+01:00,2020,4,12,30.061004638671875,28.20314198016709,30.673907633098608,27.34124486101074,99597628,1299391231,39061005822.54056,39.06100582254056,,,,,,,,34.742107,17.101038,2.93,2.666209,,,,56.499398007591296,Technology,Semiconductors,Germany,56371,2020-Q4
IFX GR,INFINEON TECHNOLOGIES AG,2021-01-01 00:00:00+01:00,2021,1,1,31.722549438476562,30.061005509792356,34.39921261115035,29.716248478734304,124062676,1299391231,41220002565.32042,41.22000256532042,,,,,,,,34.742107,17.101038,2.93,2.666209,,,,71.34175721256844,Technology,Semiconductors,Germany,56371,2021-Q1
IFX GR,INFINEON TECHNOLOGIES AG,2021-02-01 00:00:00+01:00,2021,1,2,34.47582244873047,31.440036503303823,35.218011754388705,31.440036503303823,103279958,1299391231,44797581371.39332,44.79758137139332,,,,,,,,34.742107,17.101038,2.93,2.666209,,,,93.96103622957617,Technology,Semiconductors,Germany,56371,2021-Q1
IFX GR,INFINEON TECHNOLOGIES AG,2021-03-01 00:00:00+01:00,2021,1,3,34.84109878540039,35.52048031683415,35.616844770792795,30.461269286571486,169900199,1299391231,45272218240.15402,45.272218240154025,,,,,,,,34.742107,17.101038,2.93,2.666209,,,,170.89663436316732,Technology,Semiconductors,Germany,56371,2021-Q1
IFX GR,INFINEON TECHNOLOGIES AG,2021-04-01 00:00:00+02:00,2021,2,4,32.34521484375,35.26028495429564,35.94930132536638,31.714019339338666,85986043,1299391231,42029088532.779785,42.02908853277979,,,,,,,,34.742107,17.101038,2.93,2.666209,,,,99.26365708364915,Technology,Semiconductors,Germany,56371,2021-Q2
IFX GR,INFINEON TECHNOLOGIES AG,2021-05-01 00:00:00+02:00,2021,2,5,32.056121826171875,32.44158696609366,33.06314757428182,28.707407667864942,106177543,1299391231,41653443600.79544,41.65344360079544,,,,,,,,34.742107,17.101038,2.93,2.666209,,,,77.5207841713176,Technology,Semiconductors,Germany,56371,2021-Q2
IFX GR,INFINEON TECHNOLOGIES AG,2021-06-01 00:00:00+02:00,2021,2,6,32.5909538269043,32.205488676749205,33.53052007581369,30.610633878217016,76487486,1299391231,42348399612.60533,42.348399612605334,,,,,,,,34.742107,17.101038,2.93,2.666209,,,,63.02656714316053,Technology,Semiconductors,Germany,56371,2021-Q2
IFX GR,INFINEON TECHNOLOGIES AG,2021-07-01 00:00:00+02:00,2021,3,7,30.967185974121094,32.86077640022018,32.98605312228123,29.11696212245653,88362987,1299391231,40238489903.51914,40.238489903519145,,,,,,,,34.742107,17.101038,2.93,2.666209,,,,53.03476029330842,Technology,Semiconductors,Germany,56371,2021-Q3
IFX GR,INFINEON TECHNOLOGIES AG,2021-08-01 00:00:00+02:00,2021,3,8,34.75436782836914,31.540565269031188,35.80957583186109,30.45644866579473,83906890,1299391231,45159520795.13138,45.15952079513138,,,,,,,,34.742107,17.101038,2.93,2.666209,,,,56.69626283676228,Technology,Semiconductors,Germany,56371,2021-Q3
IFX GR,INFINEON TECHNOLOGIES AG,2021-09-01 00:00:00+02:00,2021,3,9,34.23399353027344,35.096465253632324,37.10087809441464,33.74734461947623,85840060,1299391231,44483350995.34804,44.48335099534804,,,,,,,,34.742107,17.101038,2.93,2.666209,,,,48.237512404076185,Technology,Semiconductors,Germany,56371,2021-Q3
IFX GR,INFINEON TECHNOLOGIES AG,2021-10-01 00:00:00+02:00,2021,4,10,38.9270133972168,33.713617329568606,38.96556064704941,32.72586518999938,83924188,1299391231,50581419857.36302,50.581419857363024,,,,,,,,34.742107,17.101038,2.93,2.666209,,,,70.07519854639588,Technology,Semiconductors,Germany,56371,2021-Q4
IFX GR,INFINEON TECHNOLOGIES AG,2021-11-01 00:00:00+01:00,2021,4,11,38.478912353515625,39.14383588164642,42.251639023717615,37.75616794969462,92200514,1299391231,49999161290.575775,49.99916129057578,,,,,,,,34.742107,17.101038,2.93,2.666209,,,,36.11131126787208,Technology,Semiconductors,Germany,56371,2021-Q4
IFX GR,INFINEON TECHNOLOGIES AG,2021-12-01 00:00:00+01:00,2021,4,12,39.27874755859375,39.24501963347842,40.695327765573765,36.185402394354405,74933003,1299391231,51038460142.29938,51.03846014229938,,,,,,,,34.742107,17.101038,2.93,2.666209,,,,30.663455964687692,Technology,Semiconductors,Germany,56371,2021-Q4
IFX GR,INFINEON TECHNOLOGIES AG,2022-01-01 00:00:00+01:00,2022,1,1,35.014556884765625,39.36547767592881,39.90994748804186,32.7885064387202,102593917,1299391231,45497608173.41513,45.49760817341513,,,,,,,,34.742107,17.101038,2.93,2.666209,,,,10.377499616396403,Technology,Semiconductors,Germany,56371,2022-Q1
IFX GR,INFINEON TECHNOLOGIES AG,2022-02-01 00:00:00+01:00,2022,1,2,29.627702713012695,35.515659135458435,35.91075925775231,27.41610479039986,128649696,1299391231,38497977099.96361,38.497977099963606,,,,,,,,34.742107,17.101038,2.93,2.666209,,,,-14.062375866239263,Technology,Semiconductors,Germany,56371,2022-Q1
IFX GR,INFINEON TECHNOLOGIES AG,2022-03-01 00:00:00+01:00,2022,1,3,30.110443115234375,29.619695797658515,32.32122858628381,24.96489541628916,149147300,1299391231,39125245745.45987,39.12524574545987,,,,,,,,34.742107,17.101038,2.93,2.666209,,,,-13.577802753305601,Technology,Semiconductors,Germany,56371,2022-Q1
IFX GR,INFINEON TECHNOLOGIES AG,2022-04-01 00:00:00+02:00,2022,2,4,26.675220489501953,30.139596510235094,30.363106135373876,25.377900095303055,81691737,1299391231,34661547589.05037,34.66154758905037,,,,,,,,34.742107,17.101038,2.93,2.666209,,,,-17.529623413039864,Technology,Semiconductors,Germany,56371,2022-Q2
IFX GR,INFINEON TECHNOLOGIES AG,2022-05-01 00:00:00+02:00,2022,2,5,28.1231632232666,26.519735174409256,28.851994323066606,24.52273766439511,84518618,1299391231,36542991680.29432,36.54299168029432,,,,,,,,34.742107,17.101038,2.93,2.666209,,,,-12.268978213372804,Technology,Semiconductors,Germany,56371,2022-Q2
IFX GR,INFINEON TECHNOLOGIES AG,2022-06-01 00:00:00+02:00,2022,2,6,22.43828010559082,28.186327039013232,28.89572404616045,21.996122649173714,91318685,1299391231,29156104407.926468,29.156104407926467,,,,,,,,34.742107,17.101038,2.93,2.666209,,,,-31.15181524062145,Technology,Semiconductors,Germany,56371,2022-Q2
IFX GR,INFINEON TECHNOLOGIES AG,2022-07-01 00:00:00+02:00,2022,3,7,25.800622940063477,21.719169458492903,26.252498418358986,20.09144538342959,87468781,1299391231,33525103202.655922,33.52510320265592,,,,,,,,34.742107,17.101038,2.93,2.666209,,,,-16.683992657179925,Technology,Semiconductors,Germany,56371,2022-Q3
IFX GR,INFINEON TECHNOLOGIES AG,2022-08-01 00:00:00+02:00,2022,3,8,23.61412811279297,25.66457363934766,28.672216132730718,23.220560484804924,90988951,1299391231,30683990997.473763,30.683990997473764,,,,,,,,34.742107,17.101038,2.93,2.666209,,,,-32.054214798528626,Technology,Semiconductors,Germany,56371,2022-Q3
IFX GR,INFINEON TECHNOLOGIES AG,2022-09-01 00:00:00+02:00,2022,3,9,22.069005966186523,23.27400841195393,25.39733594141061,21.25271679696123,90135456,1299391231,28676272829.34945,28.67627282934945,,,,,,,,34.742107,17.101038,2.93,2.666209,,,,-35.53481878568828,Technology,Semiconductors,Germany,56371,2022-Q3
IFX GR,INFINEON TECHNOLOGIES AG,2022-10-01 00:00:00+02:00,2022,4,10,23.94453239440918,21.70459100465446,25.67429234405267,21.45678922637649,85294074,1299391231,31113315423.69072,31.113315423690718,,,,,,,,34.742107,17.101038,2.93,2.666209,,,,-38.488647587535795,Technology,Semiconductors,Germany,56371,2022-Q4
IFX GR,INFINEON TECHNOLOGIES AG,2022-11-01 00:00:00+01:00,2022,4,11,30.630342483520508,24.1971924200037,32.12201666992756,23.327453519430286,108685537,1299391231,39800798425.61331,39.80079842561331,,,,,,,,34.742107,17.101038,2.93,2.666209,,,,-20.397067874185982,Technology,Semiconductors,Germany,56371,2022-Q4
IFX GR,INFINEON TECHNOLOGIES AG,2022-12-01 00:00:00+01:00,2022,4,12,27.627559661865234,31.947098632934885,32.700225634849055,27.151390201240822,70315709,1299391231,35899008758.55701,35.89900875855701,,,,,,,,34.742107,17.101038,2.93,2.666209,,,,-29.662829445740236,Technology,Semiconductors,Germany,56371,2022-Q4
IFX GR,INFINEON TECHNOLOGIES AG,2023-01-01 00:00:00+01:00,2023,1,1,31.985973358154297,27.826775906291427,33.14238421373467,27.797621990536353,70870883,1299391231,41562293296.58531,41.56229329658531,,,,,,,,34.742107,17.101038,2.93,2.666209,,,,-8.64949836885992,Technology,Semiconductors,Germany,56371,2023-Q1
IFX GR,INFINEON TECHNOLOGIES AG,2023-02-01 00:00:00+01:00,2023,1,2,32.56903076171875,32.21433504727565,35.88764248466751,32.18032307867115,76719281,1299391231,42319912973.946594,42.31991297394659,,,,,,,,34.742107,17.101038,2.93,2.666209,,,,9.927627792127813,Technology,Semiconductors,Germany,56371,2023-Q1
IFX GR,INFINEON TECHNOLOGIES AG,2023-03-01 00:00:00+01:00,2023,1,3,36.94404983520508,33.384948474373196,37.22838657057463,31.580886457827653,103689974,1299391231,48004774393.49248,48.004774393492475,,,,,,,,34.742107,17.101038,2.93,2.666209,,,,22.69513834060197,Technology,Semiconductors,Germany,56371,2023-Q1
IFX GR,INFINEON TECHNOLOGIES AG,2023-04-01 00:00:00+02:00,2023,2,4,32.26231384277344,36.66952231304395,36.90973604119591,30.89456174694231,67792643,1299391231,41921367699.06972,41.92136769906972,,,,,,,,34.742107,17.101038,2.93,2.666209,,,,20.944881619517574,Technology,Semiconductors,Germany,56371,2023-Q2
IFX GR,INFINEON TECHNOLOGIES AG,2023-05-01 00:00:00+02:00,2023,2,5,34.051666259765625,32.26231072499644,35.66453718758722,31.355378224965214,78664567,1299391231,44246436538.87802,44.24643653887802,,,,,,,,34.742107,17.101038,2.93,2.666209,,,,21.08049862468637,Technology,Semiconductors,Germany,56371,2023-Q2
IFX GR,INFINEON TECHNOLOGIES AG,2023-06-01 00:00:00+02:00,2023,2,6,37.0469970703125,34.29678300367965,38.3951410739486,34.06637233917326,79833358,1299391231,48138543128.04675,48.138543128046756,,,,,,,,34.742107,17.101038,2.93,2.666209,,,,65.10622425593888,Technology,Semiconductors,Germany,56371,2023-Q2
IFX GR,INFINEON TECHNOLOGIES AG,2023-07-01 00:00:00+02:00,2023,3,7,39.21873474121094,37.15975266337336,39.48346164953691,33.93891422235902,65090587,1299391231,50960480013.64455,50.96048001364455,,,,,,,,34.742107,17.101038,2.93,2.666209,,,,52.00692957033868,Technology,Semiconductors,Germany,56371,2023-Q3
IFX GR,INFINEON TECHNOLOGIES AG,2023-08-01 00:00:00+02:00,2023,3,8,32.37016677856445,39.18932695965022,39.19422660919027,30.86024626803436,97056897,1299391231,42061510858.07417,42.06151085807417,,,,,,,,34.742107,17.101038,2.93,2.666209,,,,37.079661056924216,Technology,Semiconductors,Germany,56371,2023-Q3
IFX GR,INFINEON TECHNOLOGIES AG,2023-09-01 00:00:00+02:00,2023,3,9,30.742586135864258,32.36036048681939,33.00746947916341,29.884676288579893,71625629,1299391231,39946646843.20419,39.94664684320419,,,,,,,,34.742107,17.101038,2.93,2.666209,,,,39.30208810930198,Technology,Semiconductors,Germany,56371,2023-Q3
IFX GR,INFINEON TECHNOLOGIES AG,2023-10-01 00:00:00+02:00,2023,4,10,26.938369750976562,31.041629494595345,32.62508761139043,26.541279374460526,88594563,1299391231,35003481431.8546,35.003481431854595,,,,,,,,34.742107,17.101038,2.93,2.666209,,,,12.503219136851529,Technology,Semiconductors,Germany,56371,2023-Q4
IFX GR,INFINEON TECHNOLOGIES AG,2023-11-01 00:00:00+01:00,2023,4,11,34.855648040771484,27.01190147788891,35.76748387792177,26.56088694816872,104180976,1299391231,45291123415.00079,45.29112341500079,,,,,,,,34.742107,17.101038,2.93,2.666209,,,,13.794509674595501,Technology,Semiconductors,Germany,56371,2023-Q4
IFX GR,INFINEON TECHNOLOGIES AG,2023-12-01 00:00:00+01:00,2023,4,12,37.06170654296875,34.97330770392064,38.576532238254096,34.88996878358389,70209057,1299391231,48157656487.82892,48.157656487828916,,,,,,,,34.742107,17.101038,2.93,2.666209,,,,34.147593911906824,Technology,Semiconductors,Germany,56371,2023-Q4
IFX GR,INFINEON TECHNOLOGIES AG,2024-01-01 00:00:00+01:00,2024,1,1,33.08590316772461,37.06170259545469,37.28231021661323,31.73285954812113,83695806,1299391231,42991532445.856476,42.99153244585648,,,,,,,,34.742107,17.101038,2.93,2.666209,,,,3.4387879876411676,Technology,Semiconductors,Germany,56371,2024-Q1
IFX GR,INFINEON TECHNOLOGIES AG,2024-02-01 00:00:00+01:00,2024,1,2,32.448604583740234,33.04178754779131,34.23795651472002,31.085752165142086,103280144,1299391231,42163432254.29846,42.16343225429846,,,,,,,,34.742107,17.101038,2.93,2.666209,,,,-0.3697567141606961,Technology,Semiconductors,Germany,56371,2024-Q1
IFX GR,INFINEON TECHNOLOGIES AG,2024-03-01 00:00:00+01:00,2024,1,3,31.229684829711914,33.29580780414886,35.09437849455138,30.37747194794476,105697652,1299391231,40579578614.62139,40.57957861462139,,,,,,,,34.742107,17.101038,2.93,2.666209,,,,-15.467619362205864,Technology,Semiconductors,Germany,56371,2024-Q1
IFX GR,INFINEON TECHNOLOGIES AG,2024-04-01 00:00:00+02:00,2024,2,4,32.42377853393555,31.259414980692828,34.12820435577784,29.39148014947374,108572728,1299391231,42131173502.88188,42.13117350288188,3702000000.0,3702.0,1490000000.0,403000000.0,519000000.0,1013000000.0,2.8451629864182792,34.742107,17.101038,2.93,2.666209,,,,0.5004746155188533,Technology,Semiconductors,Germany,56371,2024-Q2
IFX GR,INFINEON TECHNOLOGIES AG,2024-05-01 00:00:00+02:00,2024,2,5,36.49161148071289,31.89361958689602,38.25053953267866,31.051312658487408,98780439,1299391231,47416879963.09726,47.41687996309726,3702000000.0,3702.0,1490000000.0,403000000.0,519000000.0,1013000000.0,3.2021123691988964,34.742107,17.101038,2.93,2.666209,,0.0,,7.16542092928425,Technology,Semiconductors,Germany,56371,2024-Q2
IFX GR,INFINEON TECHNOLOGIES AG,2024-06-01 00:00:00+02:00,2024,2,6,33.99442672729492,37.10104295768376,38.45368686173506,32.67151379464981,70646702,1299391231,44172059992.319046,44.17205999231905,3702000000.0,3702.0,1490000000.0,403000000.0,519000000.0,1013000000.0,2.9829862231441817,34.742107,17.101038,2.93,2.666209,,0.0,,-8.239724092141731,Technology,Semiconductors,Germany,56371,2024-Q2
IFX GR,INFINEON TECHNOLOGIES AG,2024-07-01 00:00:00+02:00,2024,3,7,31.759841918945312,34.55431139323867,35.93172674217937,29.837406624906308,74604529,1299391231,41268460087.42375,41.268460087423755,3919000000.0,3919.0,1576000000.0,-83000000.0,473000000.0,970000000.0,2.6325886761561463,34.742107,17.101038,2.93,2.666209,,5.8616963803349575,,-19.01869826113447,Technology,Semiconductors,Germany,56371,2024-Q3
IFX GR,INFINEON TECHNOLOGIES AG,2024-08-01 00:00:00+02:00,2024,3,8,32.70124053955078,32.052171671826564,32.83997247034726,27.54831703183167,74119532,1299391231,42491705199.913994,42.491705199913994,3919000000.0,3919.0,1576000000.0,-83000000.0,473000000.0,970000000.0,2.7106216636842304,34.742107,17.101038,2.93,2.666209,,0.0,5.8616963803349575,1.0227743442012827,Technology,Semiconductors,Germany,56371,2024-Q3
IFX GR,INFINEON TECHNOLOGIES AG,2024-09-01 00:00:00+02:00,2024,3,9,31.175182342529297,32.52287046228475,32.63683099630361,28.11315877174749,80648998,1299391231,40508758560.7086,40.5087585607086,3919000000.0,3919.0,1576000000.0,-83000000.0,473000000.0,970000000.0,2.584125960749464,34.742107,17.101038,2.93,2.666209,,0.0,5.8616963803349575,1.407156199394577,Technology,Semiconductors,Germany,56371,2024-Q3
IFX GR,INFINEON TECHNOLOGIES AG,2024-10-01 00:00:00+02:00,2024,4,10,28.76222801208496,31.239594798484713,31.502196963098076,28.633405770827753,83558787,1299391231,37373386862.92576,37.373386862925756,3424000000.0,3424.0,1343000000.0,246000000.0,318000000.0,834000000.0,2.7287811669776403,34.742107,17.101038,2.93,2.666209,,-12.630773156417451,-7.509454349000544,6.770484917864339,Technology,Semiconductors,Germany,56371,2024-Q4
IFX GR,INFINEON TECHNOLOGIES AG,2024-11-01 00:00:00+01:00,2024,4,11,30.53602409362793,28.762228535073653,31.363463708092116,27.796055092793477,83276080,1299391231,39678241936.86485,39.67824193686485,3424000000.0,3424.0,1343000000.0,246000000.0,318000000.0,834000000.0,2.8970678984276326,34.742107,17.101038,2.93,2.666209,,0.0,-12.630773156417451,-12.392895240653068,Technology,Semiconductors,Germany,56371,2024-Q4
IFX GR,INFINEON TECHNOLOGIES AG,2024-12-01 00:00:00+01:00,2024,4,12,31.115726470947266,30.29819656517429,33.45435943293921,30.00586720866519,64823094,1299391231,40431502122.54346,40.431502122543456,3424000000.0,3424.0,1343000000.0,246000000.0,318000000.0,834000000.0,2.9520664517043995,34.742107,17.101038,2.93,2.666209,,0.0,-12.630773156417451,-16.043460020190402,Technology,Semiconductors,Germany,56371,2024-Q4
IFX GR,INFINEON TECHNOLOGIES AG,2025-01-01 00:00:00+01:00,2025,1,1,31.76479721069336,31.11572643277794,34.19756942719078,30.253603850287206,75835419,1299391231,41274898950.06821,41.274898950068206,3590000000.0,3590.0,1391000000.0,232000000.0,319000000.0,823000000.0,2.874296584266588,34.742107,17.101038,2.93,2.666209,,4.848130841121501,-8.394998724164326,-3.992957213028392,Technology,Semiconductors,Germany,56371,2025-Q1
IFX GR,INFINEON TECHNOLOGIES AG,2025-02-01 00:00:00+01:00,2025,1,2,35.188514709472656,30.575659154406754,39.073027634918866,30.27837590841645,78053395,1299391231,45723647445.40328,45.72364744540328,3590000000.0,3590.0,1391000000.0,232000000.0,319000000.0,823000000.0,3.1840980115183344,34.742107,17.101038,2.93,2.666209,,0.0,4.848130841121501,8.443845770506186,Technology,Semiconductors,Germany,56371,2025-Q1
IFX GR,INFINEON TECHNOLOGIES AG,2025-03-01 00:00:00+01:00,2025,1,3,30.395000457763672,35.474998474121094,37.099998474121094,29.75,87057027,1299391231,39494997061.0591,39.494997061059095,3590000000.0,3590.0,1391000000.0,232000000.0,319000000.0,823000000.0,2.750347984753419,34.742107,17.101038,2.93,2.666209,,0.0,4.848130841121501,-2.6727274914863264,Technology,Semiconductors,Germany,56371,2025-Q1
IFX GR,INFINEON TECHNOLOGIES AG,2025-04-01 00:00:00+02:00,2025,2,4,28.889999389648438,30.969999313354492,31.229999542236328,23.170000076293945,132644343,1299391231,37539411870.50453,37.53941187050453,3704000000.0,3704.0,1515000000.0,305000000.0,424000000.0,909000000.0,2.533707604650684,34.742107,17.101038,2.93,2.666209,,3.1754874651810594,8.177570093457941,-10.898727119630935,Technology,Semiconductors,Germany,56371,2025-Q2
IFX GR,INFINEON TECHNOLOGIES AG,2025-05-01 00:00:00+02:00,2025,2,5,34.275001525878906,29.170000076293945,35.8650016784668,29.065000534057617,98822159,1299391231,44536636425.23867,44.53663642523867,3704000000.0,3704.0,1515000000.0,305000000.0,424000000.0,909000000.0,3.0059824801052017,34.742107,17.101038,2.93,2.666209,,0.0,3.1754874651810594,-6.074299996330779,Technology,Semiconductors,Germany,56371,2025-Q2
IFX GR,INFINEON TECHNOLOGIES AG,2025-06-01 00:00:00+02:00,2025,2,6,36.1150016784668,33.64500045776367,37.19499969482422,33.154998779296875,79313352,1299391231,46927516488.55003,46.92751648855003,3704000000.0,3704.0,1515000000.0,305000000.0,424000000.0,909000000.0,3.1673539746591546,34.742107,17.101038,2.93,2.666209,,0.0,3.1754874651810594,6.238007683386582,Technology,Semiconductors,Germany,56371,2025-Q2
IFX GR,INFINEON TECHNOLOGIES AG,2025-07-01 00:00:00+02:00,2025,3,7,34.6349983215332,35.834999084472656,38.70000076293945,33.779998779296875,80742098,1299391231,45004413104.69997,45.004413104699964,,,,,,,,34.742107,17.101038,2.93,2.666209,,0.0,3.1754874651810594,9.052804513087986,Technology,Semiconductors,Germany,56371,2025-Q3
IFX GR,INFINEON TECHNOLOGIES AG,2025-08-01 00:00:00+02:00,2025,3,8,34.959999084472656,34.189998626708984,37.40999984741211,33.38999938964844,59624976,1299391231,45426716246.1318,45.4267162461318,,,,,,,,34.742107,17.101038,2.93,2.666209,,0.0,0.0,6.907256445485621,Technology,Semiconductors,Germany,56371,2025-Q3
IFX GR,INFINEON TECHNOLOGIES AG,2025-09-01 00:00:00+02:00,2025,3,9,33.040000915527344,34.84000015258789,35.119998931884766,30.81999969482422,74595823,1299391231,42931887461.8682,42.9318874618682,,,,,,,,34.742107,17.101038,2.93,2.666209,,0.0,0.0,5.98174070806976,Technology,Semiconductors,Germany,56371,2025-Q3
IFX GR,INFINEON TECHNOLOGIES AG,2025-10-01 00:00:00+02:00,2025,4,10,33.005001068115234,33.0099983215332,34.869998931884766,32.75,16374525,1299391231,42886408967.054565,42.886408967054564,,,,,,,,34.742107,17.101038,2.93,2.666209,,0.0,0.0,14.751197488065237,Technology,Semiconductors,Germany,56371,2025-Q4
