ticker,company_name,date,year,quarter,month,close_price,open_price,high_price,low_price,volume,shares_outstanding,market_cap,market_cap_billions,revenue,revenue_millions,gross_profit,net_income,operating_income,ebitda,ps_ratio,current_pe,forward_pe,current_ps,current_pb,peg_ratio,revenue_qoq_pct,revenue_yoy_pct,market_cap_yoy_pct,sector,industry,country,employees,year_quarter
INTC,INTEL CORP,2015-01-01 00:00:00-05:00,2015,1,1,25.349252700805664,28.134292504992786,28.763423122499486,25.31856283131811,689892600,4766000000,120814538372.0398,120.81453837203979,,,,,,,,1276.0,39.463917,3.4140322,1.7150537,,,,,Technology,Semiconductors,United States,88400,2015-Q1
INTC,INTEL CORP,2015-02-01 00:00:00-05:00,2015,1,2,25.510372161865234,25.364599660283595,26.661216018791485,25.019345917856263,456578100,4766000000,121582433723.4497,121.58243372344971,,,,,,,,1276.0,39.463917,3.4140322,1.7150537,,,,,Technology,Semiconductors,United States,88400,2015-Q1
INTC,INTEL CORP,2015-03-01 00:00:00-05:00,2015,1,3,24.163345336914062,25.724265321792082,26.659270928042513,22.648788888792446,910690800,4766000000,115162503875.73242,115.16250387573243,,,,,,,,1276.0,39.463917,3.4140322,1.7150537,,,,,Technology,Semiconductors,United States,88400,2015-Q1
INTC,INTEL CORP,2015-04-01 00:00:00-04:00,2015,2,4,25.15244483947754,24.05516451910286,25.531085099931214,23.52970760379803,568144200,4766000000,119876552104.94995,119.87655210494995,,,,,,,,1276.0,39.463917,3.4140322,1.7150537,,,,,Technology,Semiconductors,United States,88400,2015-Q2
INTC,INTEL CORP,2015-05-01 00:00:00-04:00,2015,2,5,26.62836456298828,25.214265444481104,26.852457723389495,24.673352037483347,498672700,4766000000,126910785507.20215,126.91078550720215,,,,,,,,1276.0,39.463917,3.4140322,1.7150537,,,,,Technology,Semiconductors,United States,88400,2015-Q2
INTC,INTEL CORP,2015-06-01 00:00:00-04:00,2015,2,6,23.676504135131836,26.75086850079938,26.92209992087327,23.466357292965625,701953000,4766000000,112842218708.03833,112.84221870803833,,,,,,,,1276.0,39.463917,3.4140322,1.7150537,,,,,Technology,Semiconductors,United States,88400,2015-Q2
INTC,INTEL CORP,2015-07-01 00:00:00-04:00,2015,3,7,22.53236961364746,23.730981908723958,24.065659820809035,21.497203842410883,829691000,4766000000,107389273578.6438,107.3892735786438,,,,,,,,1276.0,39.463917,3.4140322,1.7150537,,,,,Technology,Semiconductors,United States,88400,2015-Q3
INTC,INTEL CORP,2015-08-01 00:00:00-04:00,2015,3,8,22.2132625579834,22.571289191201338,23.10054724424367,19.356826935439894,706404700,4766000000,105868409351.34888,105.86840935134887,,,,,,,,1276.0,39.463917,3.4140322,1.7150537,,,,,Technology,Semiconductors,United States,88400,2015-Q3
INTC,INTEL CORP,2015-09-01 00:00:00-04:00,2015,3,9,23.653451919555664,21.903379324297614,23.794713653138942,21.707182804734316,680884100,4766000000,112732351848.6023,112.73235184860229,,,,,,,,1276.0,39.463917,3.4140322,1.7150537,,,,,Technology,Semiconductors,United States,88400,2015-Q3
INTC,INTEL CORP,2015-10-01 00:00:00-04:00,2015,4,10,26.572851181030273,23.708381434740257,27.491049251468493,23.119792006904277,703298300,4766000000,126646208728.79028,126.64620872879028,,,,,,,,1276.0,39.463917,3.4140322,1.7150537,,,,,Technology,Semiconductors,United States,88400,2015-Q4
INTC,INTEL CORP,2015-11-01 00:00:00-04:00,2015,4,11,27.287010192871094,26.470832016024005,27.695099281294635,25.058217783001634,459871400,4766000000,130049890579.22363,130.04989057922364,,,,,,,,1276.0,39.463917,3.4140322,1.7150537,,,,,Technology,Semiconductors,United States,88400,2015-Q4
INTC,INTEL CORP,2015-12-01 00:00:00-05:00,2015,4,12,27.22632598876953,27.66099821489889,28.127283733970994,26.72842717675468,427664700,4766000000,129760669662.47559,129.76066966247558,,,,,,,,1276.0,39.463917,3.4140322,1.7150537,,,,,Technology,Semiconductors,United States,88400,2015-Q4
INTC,INTEL CORP,2016-01-01 00:00:00-05:00,2016,1,1,24.51554298400879,26.77584172232866,26.878580381482152,23.085073422009632,615464900,4766000000,116841077861.78589,116.84107786178589,,,,,,,,1276.0,39.463917,3.4140322,1.7150537,,,,-3.288892681125777,Technology,Semiconductors,United States,88400,2016-Q1
INTC,INTEL CORP,2016-02-01 00:00:00-05:00,2016,1,2,23.385398864746094,24.27845330729716,24.5945802143924,21.875898762245082,526508800,4766000000,111454810989.37988,111.45481098937988,,,,,,,,1276.0,39.463917,3.4140322,1.7150537,,,,-8.329840441511493,Technology,Semiconductors,United States,88400,2016-Q1
INTC,INTEL CORP,2016-03-01 00:00:00-05:00,2016,1,3,25.791688919067383,23.86229655733108,26.11059820528803,23.718787682666225,471958200,4766000000,122923189388.27515,122.92318938827515,,,,,,,,1276.0,39.463917,3.4140322,1.7150537,,,,6.7388995995753875,Technology,Semiconductors,United States,88400,2016-Q1
INTC,INTEL CORP,2016-04-01 00:00:00-04:00,2016,2,4,24.141347885131836,25.72791577405147,25.887370459848178,23.997838972049315,515836800,4766000000,115057664020.53833,115.05766402053833,,,,,,,,1276.0,39.463917,3.4140322,1.7150537,,,,-4.019875446695165,Technology,Semiconductors,United States,88400,2016-Q2
INTC,INTEL CORP,2016-05-01 00:00:00-04:00,2016,2,5,25.185766220092773,24.276878661370116,25.233602007217055,23.519471348653063,431523200,4766000000,120035361804.96216,120.03536180496216,,,,,,,,1276.0,39.463917,3.4140322,1.7150537,,,,-5.417525133708834,Technology,Semiconductors,United States,88400,2016-Q2
INTC,INTEL CORP,2016-06-01 00:00:00-04:00,2016,2,6,26.376346588134766,25.427442702814986,26.537178587033775,24.47853728368759,484891000,4766000000,125709667839.0503,125.7096678390503,,,,,,,,1276.0,39.463917,3.4140322,1.7150537,,,,11.40304513535353,Technology,Semiconductors,United States,88400,2016-Q2
INTC,INTEL CORP,2016-07-01 00:00:00-04:00,2016,3,7,28.032913208007812,26.247683705654843,28.893360943304042,26.03860423766414,530528900,4766000000,133604864349.36523,133.60486434936524,,,,,,,,1276.0,39.463917,3.4140322,1.7150537,,,,24.411740481253098,Technology,Semiconductors,United States,88400,2016-Q3
INTC,INTEL CORP,2016-08-01 00:00:00-04:00,2016,3,8,28.861188888549805,28.00074130347909,28.86923217492333,27.333292712378743,390892300,4766000000,137552426242.82837,137.55242624282837,,,,,,,,1276.0,39.463917,3.4140322,1.7150537,,,,29.92773489807401,Technology,Semiconductors,United States,88400,2016-Q3
INTC,INTEL CORP,2016-09-01 00:00:00-04:00,2016,3,9,30.587032318115234,29.160989257438025,30.83010745346307,28.407454174252102,505600300,4766000000,145777796028.1372,145.7777960281372,,,,,,,,1276.0,39.463917,3.4140322,1.7150537,,,,29.313186177393334,Technology,Semiconductors,United States,88400,2016-Q3
INTC,INTEL CORP,2016-10-01 00:00:00-04:00,2016,4,10,28.25349998474121,30.538411478152025,31.081282186912293,28.12385972592597,471649900,4766000000,134656180927.27661,134.6561809272766,,,,,,,,1276.0,39.463917,3.4140322,1.7150537,,,,6.324683761864103,Technology,Semiconductors,United States,88400,2016-Q4
INTC,INTEL CORP,2016-11-01 00:00:00-04:00,2016,4,11,28.115766525268555,28.277817667402445,28.89360829846909,27.07864107013272,412448100,4766000000,133999743259.42993,133.99974325942992,,,,,,,,1276.0,39.463917,3.4140322,1.7150537,,,,3.0371826247713285,Technology,Semiconductors,United States,88400,2016-Q4
INTC,INTEL CORP,2016-12-01 00:00:00-05:00,2016,4,12,29.610363006591797,28.45925722235752,30.49205953008597,27.397954525036614,405906200,4766000000,141122990089.4165,141.1229900894165,,,,,,,,1276.0,39.463917,3.4140322,1.7150537,,,,8.756366976600694,Technology,Semiconductors,United States,88400,2016-Q4
INTC,INTEL CORP,2017-01-01 00:00:00-05:00,2017,1,1,30.05938148498535,29.887940891721342,31.390093715661898,29.545056590922787,456335100,4766000000,143263012157.4402,143.2630121574402,,,,,,,,1276.0,39.463917,3.4140322,1.7150537,,,,22.613566032752153,Technology,Semiconductors,United States,88400,2017-Q1
INTC,INTEL CORP,2017-02-01 00:00:00-05:00,2017,1,2,29.5532169342041,30.059376120579696,30.16550732739506,28.442929856267973,477551300,4766000000,140850631908.41675,140.85063190841674,,,,,,,,1276.0,39.463917,3.4140322,1.7150537,,,,26.374654138382493,Technology,Semiconductors,United States,88400,2017-Q1
INTC,INTEL CORP,2017-03-01 00:00:00-05:00,2017,1,3,29.657302856445312,29.476414503620724,29.846411981442767,28.49797951693769,546151800,4766000000,141346705413.81836,141.34670541381837,,,,,,,,1276.0,39.463917,3.4140322,1.7150537,,,,14.987827860005499,Technology,Semiconductors,United States,88400,2017-Q1
INTC,INTEL CORP,2017-04-01 00:00:00-04:00,2017,2,4,29.72308921813965,29.75597545178443,30.8330788003511,28.95020470218228,444122200,4766000000,141660243213.65356,141.66024321365356,,,,,,,,1276.0,39.463917,3.4140322,1.7150537,,,,23.12108404040478,Technology,Semiconductors,United States,88400,2017-Q2
INTC,INTEL CORP,2017-05-01 00:00:00-04:00,2017,2,5,29.690202713012695,29.690202713012695,30.561749150509158,28.79398767727348,432927300,4766000000,141503506130.2185,141.5035061302185,,,,,,,,1276.0,39.463917,3.4140322,1.7150537,,,,17.884849932921078,Technology,Semiconductors,United States,88400,2017-Q2
INTC,INTEL CORP,2017-06-01 00:00:00-04:00,2017,2,6,27.947925567626953,29.91935362870299,30.2921036939774,27.616591474086125,499455600,4766000000,133199813255.31006,133.19981325531006,,,,,,,,1276.0,39.463917,3.4140322,1.7150537,,,,5.958289083898949,Technology,Semiconductors,United States,88400,2017-Q2
INTC,INTEL CORP,2017-07-01 00:00:00-04:00,2017,3,7,29.380937576293945,27.757404425800157,29.7039865564943,27.525472472802132,440860400,4766000000,140029548488.61694,140.02954848861694,,,,,,,,1276.0,39.463917,3.4140322,1.7150537,,,,4.808720229266283,Technology,Semiconductors,United States,88400,2017-Q3
INTC,INTEL CORP,2017-08-01 00:00:00-04:00,2017,3,8,29.049598693847656,29.538314628011655,30.399780539052486,28.478050835860074,497303200,4766000000,138450387374.87793,138.45038737487792,,,,,,,,1276.0,39.463917,3.4140322,1.7150537,,,,0.6528137355166219,Technology,Semiconductors,United States,88400,2017-Q3
INTC,INTEL CORP,2017-09-01 00:00:00-04:00,2017,3,9,31.77967643737793,29.409553496424085,31.838094702747203,29.15084176153396,431948900,4766000000,151461937900.5432,151.4619379005432,,,,,,,,1276.0,39.463917,3.4140322,1.7150537,,,,3.8991821987135022,Technology,Semiconductors,United States,88400,2017-Q3
INTC,INTEL CORP,2017-10-01 00:00:00-04:00,2017,4,10,37.96369552612305,31.813057364454792,38.22240408831388,31.7796777710977,633392500,4766000000,180934972877.50244,180.93497287750245,,,,,,,,1276.0,39.463917,3.4140322,1.7150537,,,,34.36811561974975,Technology,Semiconductors,United States,88400,2017-Q4
INTC,INTEL CORP,2017-11-01 00:00:00-04:00,2017,4,11,37.421234130859375,38.36427682475242,39.4742270253395,36.5282655991085,579910400,4766000000,178349601867.67578,178.34960186767577,,,,,,,,1276.0,39.463917,3.4140322,1.7150537,,,,33.09697282209145,Technology,Semiconductors,United States,88400,2017-Q4
INTC,INTEL CORP,2017-12-01 00:00:00-05:00,2017,4,12,38.75113296508789,37.550653499118184,39.99358658811762,35.821290687407966,559756900,4766000000,184687899711.6089,184.68789971160888,,,,,,,,1276.0,39.463917,3.4140322,1.7150537,,,,30.870171893742725,Technology,Semiconductors,United States,88400,2017-Q4
INTC,INTEL CORP,2018-01-01 00:00:00-05:00,2018,1,1,40.41333770751953,38.935826128072286,42.68837114284218,35.628209774690255,910041000,4766000000,192609967514.0381,192.6099675140381,,,,,,,,1276.0,39.463917,3.4140322,1.7150537,,,,34.44500755182196,Technology,Semiconductors,United States,88400,2018-Q1
INTC,INTEL CORP,2018-02-01 00:00:00-05:00,2018,1,2,41.37875747680664,40.04395874521859,42.73034651222623,35.292411643277894,608494100,4766000000,197211158134.46045,197.21115813446045,,,,,,,,1276.0,39.463917,3.4140322,1.7150537,,,,40.01439359014747,Technology,Semiconductors,United States,88400,2018-Q1
INTC,INTEL CORP,2018-03-01 00:00:00-05:00,2018,1,3,44.0175666809082,41.83697146887813,45.45438938435847,39.690184684356076,710899300,4766000000,209787722801.2085,209.7877228012085,,,,,,,,1276.0,39.463917,3.4140322,1.7150537,,,,48.420666889275225,Technology,Semiconductors,United States,88400,2018-Q1
INTC,INTEL CORP,2018-04-01 00:00:00-04:00,2018,2,4,43.62876892089844,43.687932047074575,47.15321790789084,39.969092694773636,666315000,4766000000,207934712677.00195,207.93471267700195,,,,,,,,1276.0,39.463917,3.4140322,1.7150537,,,,46.784099730361525,Technology,Semiconductors,United States,88400,2018-Q2
INTC,INTEL CORP,2018-05-01 00:00:00-04:00,2018,2,5,46.65456008911133,43.64567792077927,47.499751383391796,43.1047560083036,486323900,4766000000,222355633384.7046,222.3556333847046,,,,,,,,1276.0,39.463917,3.4140322,1.7150537,,,,57.13789676708221,Technology,Semiconductors,United States,88400,2018-Q2
INTC,INTEL CORP,2018-06-01 00:00:00-04:00,2018,2,6,42.256935119628906,47.46785972613354,48.963979948491684,41.22835226408541,638342400,4766000000,201396552780.15137,201.39655278015135,,,,,,,,1276.0,39.463917,3.4140322,1.7150537,,,,51.198825177123595,Technology,Semiconductors,United States,88400,2018-Q2
INTC,INTEL CORP,2018-07-01 00:00:00-04:00,2018,3,7,40.88833236694336,41.687399590836016,45.30869341160787,39.46871818086888,479303100,4766000000,194873792060.85205,194.87379206085205,,,,,,,,1276.0,39.463917,3.4140322,1.7150537,,,,39.16619325291435,Technology,Semiconductors,United States,88400,2018-Q3
INTC,INTEL CORP,2018-08-01 00:00:00-04:00,2018,3,8,41.16884994506836,40.8543252618015,43.013498477701866,39.26469358751316,516977100,4766000000,196210738838.1958,196.2107388381958,,,,,,,,1276.0,39.463917,3.4140322,1.7150537,,,,41.71916926958241,Technology,Semiconductors,United States,88400,2018-Q3
INTC,INTEL CORP,2018-09-01 00:00:00-04:00,2018,3,9,40.44425582885742,41.37646653241619,41.41922783281321,37.681834063489994,462762400,4766000000,192757323280.33447,192.75732328033448,,,,,,,,1276.0,39.463917,3.4140322,1.7150537,,,,27.264529922301463,Technology,Semiconductors,United States,88400,2018-Q3
INTC,INTEL CORP,2018-10-01 00:00:00-04:00,2018,4,10,40.093597412109375,40.016625786625745,42.52247582878741,36.22791749472168,782226900,4766000000,191086085266.11328,191.0860852661133,,,,,,,,1276.0,39.463917,3.4140322,1.7150537,,,,5.610364998635942,Technology,Semiconductors,United States,88400,2018-Q4
INTC,INTEL CORP,2018-11-01 00:00:00-04:00,2018,4,11,42.17182922363281,40.1534649986153,42.18038017671491,39.7857120290158,552786700,4766000000,200990938079.83398,200.990938079834,,,,,,,,1276.0,39.463917,3.4140322,1.7150537,,,,12.694918281318435,Technology,Semiconductors,United States,88400,2018-Q4
INTC,INTEL CORP,2018-12-01 00:00:00-05:00,2018,4,12,40.38895034790039,43.03105698408232,43.46136755392314,37.44562434302443,565278100,4766000000,192493737358.09326,192.49373735809326,,,,,,,,1276.0,39.463917,3.4140322,1.7150537,,,,4.226501930377258,Technology,Semiconductors,United States,88400,2018-Q4
INTC,INTEL CORP,2019-01-01 00:00:00-05:00,2019,1,1,40.5524787902832,39.55415811381391,43.06549494464316,38.20298280039454,620374700,4766000000,193273113914.48975,193.27311391448976,,,,,,,,1276.0,39.463917,3.4140322,1.7150537,,,,0.34429495472674265,Technology,Semiconductors,United States,88400,2019-Q1
INTC,INTEL CORP,2019-02-01 00:00:00-05:00,2019,1,2,45.5785026550293,40.50083902224042,46.13790780580716,40.45780533140391,410236000,4766000000,217227143653.86963,217.22714365386963,,,,,,,,1276.0,39.463917,3.4140322,1.7150537,,,,10.149519788206952,Technology,Semiconductors,United States,88400,2019-Q1
INTC,INTEL CORP,2019-03-01 00:00:00-05:00,2019,1,3,46.508304595947266,46.28312287573118,47.62554397501636,44.77615174919928,435022900,4766000000,221658579704.28467,221.65857970428468,,,,,,,,1276.0,39.463917,3.4140322,1.7150537,,,,5.658508870094758,Technology,Semiconductors,United States,88400,2019-Q1
INTC,INTEL CORP,2019-04-01 00:00:00-04:00,2019,2,4,44.20454406738281,47.06259577350248,51.60949726627182,44.057309348678395,472425200,4766000000,210678857025.14648,210.67885702514647,,,,,,,,1276.0,39.463917,3.4140322,1.7150537,,,,1.3197144011289685,Technology,Semiconductors,United States,88400,2019-Q2
INTC,INTEL CORP,2019-05-01 00:00:00-04:00,2019,2,5,38.142005920410156,44.25650326555036,44.88007933848088,37.1200354914715,637861500,4766000000,181784800216.6748,181.7848002166748,,,,,,,,1276.0,39.463917,3.4140322,1.7150537,,,,-18.245920982733498,Technology,Semiconductors,United States,88400,2019-Q2
INTC,INTEL CORP,2019-06-01 00:00:00-04:00,2019,2,6,41.71298599243164,38.55858933256981,42.24452865971216,37.643640419997396,416046000,4766000000,198804091239.9292,198.8040912399292,,,,,,,,1276.0,39.463917,3.4140322,1.7150537,,,,-1.287242261317234,Technology,Semiconductors,United States,88400,2019-Q2
INTC,INTEL CORP,2019-07-01 00:00:00-04:00,2019,3,7,44.048282623291016,42.95034468047347,46.61885570550808,41.01587895011813,431034400,4766000000,209934114982.60498,209.93411498260497,,,,,,,,1276.0,39.463917,3.4140322,1.7150537,,,,7.728244399867856,Technology,Semiconductors,United States,88400,2019-Q3
INTC,INTEL CORP,2019-08-01 00:00:00-04:00,2019,3,8,41.3121452331543,44.02213884850031,45.21592908316489,39.037841824158384,531370100,4766000000,196893684181.21338,196.8936841812134,,,,,,,,1276.0,39.463917,3.4140322,1.7150537,,,,0.34806726026386237,Technology,Semiconductors,United States,88400,2019-Q3
INTC,INTEL CORP,2019-09-01 00:00:00-04:00,2019,3,9,45.20539855957031,41.33666567634728,46.784475937616875,40.79276310529542,387955800,4766000000,215448929534.9121,215.4489295349121,,,,,,,,1276.0,39.463917,3.4140322,1.7150537,,,,11.772111102402238,Technology,Semiconductors,United States,88400,2019-Q3
INTC,INTEL CORP,2019-10-01 00:00:00-04:00,2019,4,10,49.59171676635742,45.59139636543285,50.21457654769927,42.57360704235445,438267300,4766000000,236354122108.45947,236.35412210845948,,,,,,,,1276.0,39.463917,3.4140322,1.7150537,,,,23.689865632709118,Technology,Semiconductors,United States,88400,2019-Q4
INTC,INTEL CORP,2019-11-01 00:00:00-04:00,2019,4,11,50.9251594543457,49.0741324269014,51.872605900173255,48.79340829772929,319751400,4766000000,242709309959.41162,242.70930995941163,,,,,,,,1276.0,39.463917,3.4140322,1.7150537,,,,20.75634467809042,Technology,Semiconductors,United States,88400,2019-Q4
INTC,INTEL CORP,2019-12-01 00:00:00-05:00,2019,4,12,52.7932014465332,51.64648259353018,53.34892031284061,49.17662582592819,419629000,4766000000,251612398094.17725,251.61239809417725,,,,,,,,1276.0,39.463917,3.4140322,1.7150537,,,,30.71199174968815,Technology,Semiconductors,United States,88400,2019-Q4
INTC,INTEL CORP,2020-01-01 00:00:00-05:00,2020,1,1,56.39213562011719,53.13721770987009,61.12014875792387,51.620018560149376,534150100,4766000000,268764918365.47852,268.76491836547854,,,,,,,,1276.0,39.463917,3.4140322,1.7150537,,,,39.05965135139737,Technology,Semiconductors,United States,88400,2020-Q1
INTC,INTEL CORP,2020-02-01 00:00:00-05:00,2020,1,2,48.97373962402344,56.85963950467355,60.06163047835973,47.28012153235839,441506700,4766000000,233408843048.0957,233.4088430480957,,,,,,,,1276.0,39.463917,3.4140322,1.7150537,,,,7.449206909432116,Technology,Semiconductors,United States,88400,2020-Q1
INTC,INTEL CORP,2020-03-01 00:00:00-05:00,2020,1,3,47.97391128540039,49.45426103763424,52.317448667888186,38.67520033136096,961035400,4766000000,228643661186.21826,228.64366118621825,,,,,,,,1276.0,39.463917,3.4140322,1.7150537,,,,3.1512795449887054,Technology,Semiconductors,United States,88400,2020-Q1
INTC,INTEL CORP,2020-04-01 00:00:00-04:00,2020,2,4,53.168426513671875,46.53788618324653,55.07426510996061,45.40324927837772,617557900,4766000000,253400720764.16016,253.40072076416016,,,,,,,,1276.0,39.463917,3.4140322,1.7150537,,,,20.27819228861414,Technology,Semiconductors,United States,88400,2020-Q2
INTC,INTEL CORP,2020-05-01 00:00:00-04:00,2020,2,5,55.78341293334961,52.14902699979052,56.85599958917014,49.72905395306018,409253500,4766000000,265863746040.34424,265.8637460403442,,,,,,,,1276.0,39.463917,3.4140322,1.7150537,,,,46.251911998942255,Technology,Semiconductors,United States,88400,2020-Q2
INTC,INTEL CORP,2020-06-01 00:00:00-04:00,2020,2,6,53.33504867553711,55.7062874687308,58.04186771752495,50.59831490312713,570572500,4766000000,254194841987.60986,254.19484198760986,,,,,,,,1276.0,39.463917,3.4140322,1.7150537,,,,27.86197728739477,Technology,Semiconductors,United States,88400,2020-Q2
INTC,INTEL CORP,2020-07-01 00:00:00-04:00,2020,3,7,42.548580169677734,53.40635776074765,55.20707329069204,41.87108488740854,808654500,4766000000,202786533088.68408,202.78653308868408,,,,,,,,1276.0,39.463917,3.4140322,1.7150537,,,,-3.404678603338551,Technology,Semiconductors,United States,88400,2020-Q3
INTC,INTEL CORP,2020-08-01 00:00:00-04:00,2020,3,8,45.419029235839844,43.029961318467436,45.90932228890518,42.521838994307,667321500,4766000000,216467093338.0127,216.4670933380127,,,,,,,,1276.0,39.463917,3.4140322,1.7150537,,,,9.941105647037762,Technology,Semiconductors,United States,88400,2020-Q3
INTC,INTEL CORP,2020-09-01 00:00:00-04:00,2020,3,9,46.47240447998047,45.6915828652093,47.280153339178334,43.45681330388196,680429800,4766000000,221487479751.5869,221.4874797515869,,,,,,,,1276.0,39.463917,3.4140322,1.7150537,,,,2.8027756878208576,Technology,Semiconductors,United States,88400,2020-Q3
INTC,INTEL CORP,2020-10-01 00:00:00-04:00,2020,4,10,39.74117660522461,47.02885664323092,50.46626928464421,39.13985509909842,738437500,4766000000,189406447700.5005,189.40644770050048,,,,,,,,1276.0,39.463917,3.4140322,1.7150537,,,,-19.86327718304628,Technology,Semiconductors,United States,88400,2020-Q4
INTC,INTEL CORP,2020-11-01 00:00:00-04:00,2020,4,11,43.39398193359375,40.35146741628647,43.528607863468075,39.70527185445671,676942800,4766000000,206815717895.5078,206.81571789550782,,,,,,,,1276.0,39.463917,3.4140322,1.7150537,,,,-14.78871662150344,Technology,Semiconductors,United States,88400,2020-Q4
INTC,INTEL CORP,2020-12-01 00:00:00-05:00,2020,4,12,45.038536071777344,44.071229364685216,47.59692909329304,40.89810236780419,883810300,4766000000,214653662918.09082,214.65366291809082,,,,,,,,1276.0,39.463917,3.4140322,1.7150537,,,,-14.688757571577593,Technology,Semiconductors,United States,88400,2020-Q4
INTC,INTEL CORP,2021-01-01 00:00:00-05:00,2021,1,1,50.182437896728516,45.101817181422426,57.812412877286356,44.59556527084455,962555600,4766000000,239169499015.8081,239.1694990158081,,,,,,,,1276.0,39.463917,3.4140322,1.7150537,,,,-11.01163780215736,Technology,Semiconductors,United States,88400,2021-Q1
INTC,INTEL CORP,2021-02-01 00:00:00-05:00,2021,1,2,54.946659088134766,50.58021848709353,57.44177095894375,50.363250888012445,511339300,4766000000,261875777214.0503,261.8757772140503,,,,,,,,1276.0,39.463917,3.4140322,1.7150537,,,,12.196167803329017,Technology,Semiconductors,United States,88400,2021-Q1
INTC,INTEL CORP,2021-03-01 00:00:00-05:00,2021,1,3,58.208805084228516,56.13511751334772,61.337530577995494,52.66987333665179,770803800,4766000000,277423165031.4331,277.4231650314331,,,,,,,,1276.0,39.463917,3.4140322,1.7150537,,,,21.3342909189538,Technology,Semiconductors,United States,88400,2021-Q1
INTC,INTEL CORP,2021-04-01 00:00:00-04:00,2021,2,4,52.32426071166992,58.86365876910687,62.29251834532009,51.905885732810404,654934800,4766000000,249377426551.81885,249.37742655181884,,,,,,,,1276.0,39.463917,3.4140322,1.7150537,,,,-1.5877201139004593,Technology,Semiconductors,United States,88400,2021-Q2
INTC,INTEL CORP,2021-05-01 00:00:00-04:00,2021,2,5,51.95136642456055,52.624407374695416,52.76083220316461,48.58616861291769,495384200,4766000000,247600212379.45557,247.60021237945557,,,,,,,,1276.0,39.463917,3.4140322,1.7150537,,,,-6.869508886750286,Technology,Semiconductors,United States,88400,2021-Q2
INTC,INTEL CORP,2021-06-01 00:00:00-04:00,2021,2,6,51.37452697753906,52.719746396689125,53.46098690039651,50.42280706887664,511873100,4766000000,244850995574.95117,244.85099557495118,,,,,,,,1276.0,39.463917,3.4140322,1.7150537,,,,-3.6758599582890628,Technology,Semiconductors,United States,88400,2021-Q2
INTC,INTEL CORP,2021-07-01 00:00:00-04:00,2021,3,7,49.159950256347656,51.36537598092723,52.582476406084595,47.869638998247325,516953700,4766000000,234296322921.75293,234.29632292175293,,,,,,,,1276.0,39.463917,3.4140322,1.7150537,,,,15.538403538507527,Technology,Semiconductors,United States,88400,2021-Q3
INTC,INTEL CORP,2021-08-01 00:00:00-04:00,2021,3,8,49.47108840942383,49.40703067721311,50.21232887954351,47.05518332977885,402375000,4766000000,235779207359.31396,235.77920735931397,,,,,,,,1276.0,39.463917,3.4140322,1.7150537,,,,8.921501057505065,Technology,Semiconductors,United States,88400,2021-Q3
INTC,INTEL CORP,2021-09-01 00:00:00-04:00,2021,3,9,49.07413864135742,49.8386211087554,51.10968652342323,48.189920750097,413346700,4766000000,233887344764.70947,233.88734476470947,,,,,,,,1276.0,39.463917,3.4140322,1.7150537,,,,5.598449640146641,Technology,Semiconductors,United States,88400,2021-Q3
INTC,INTEL CORP,2021-10-01 00:00:00-04:00,2021,4,10,45.131996154785156,49.41493188918744,51.64389817603289,44.09119607598761,672042200,4766000000,215099093673.70605,215.09909367370605,,,,,,,,1276.0,39.463917,3.4140322,1.7150537,,,,13.564821200718647,Technology,Semiconductors,United States,88400,2021-Q4
INTC,INTEL CORP,2021-11-01 00:00:00-04:00,2021,4,11,45.31620788574219,45.50042081277731,47.88596925828031,44.32146018789413,617076700,4766000000,215977046783.44727,215.97704678344726,,,,,,,,1276.0,39.463917,3.4140322,1.7150537,,,,4.429706301417657,Technology,Semiconductors,United States,88400,2021-Q4
INTC,INTEL CORP,2021-12-01 00:00:00-05:00,2021,4,12,47.76451873779297,46.22492468310464,51.01065107919638,44.82445200110641,714651800,4766000000,227645696304.3213,227.6456963043213,,,,,,,,1276.0,39.463917,3.4140322,1.7150537,,,,6.052556108109863,Technology,Semiconductors,United States,88400,2021-Q4
INTC,INTEL CORP,2022-01-01 00:00:00-05:00,2022,1,1,45.278907775878906,47.903639294004634,52.19780602793664,42.94169210534397,890542800,4766000000,215799274459.83887,215.79927445983887,,,,,,,,1276.0,39.463917,3.4140322,1.7150537,,,,-9.771406743810829,Technology,Semiconductors,United States,88400,2022-Q1
INTC,INTEL CORP,2022-02-01 00:00:00-05:00,2022,1,2,44.24014663696289,45.24180847862063,46.345495725247666,40.46535878724627,756814900,4766000000,210848538871.76514,210.84853887176513,,,,,,,,1276.0,39.463917,3.4140322,1.7150537,,,,-19.485283780399765,Technology,Semiconductors,United States,88400,2022-Q1
INTC,INTEL CORP,2022-03-01 00:00:00-05:00,2022,1,3,46.31538009643555,44.427626133484324,49.07224503096307,41.184800850622786,849288700,4766000000,220739101539.61182,220.73910153961182,,,,,,,,1276.0,39.463917,3.4140322,1.7150537,,,,-20.432346911404743,Technology,Semiconductors,United States,88400,2022-Q1
INTC,INTEL CORP,2022-04-01 00:00:00-04:00,2022,2,4,40.73623275756836,46.56771153462336,46.6331284617015,40.65212477061715,639472500,4766000000,194148885322.5708,194.1488853225708,,,,,,,,1276.0,39.463917,3.4140322,1.7150537,,,,-22.14656795240124,Technology,Semiconductors,United States,88400,2022-Q2
INTC,INTEL CORP,2022-05-01 00:00:00-04:00,2022,2,5,41.51188659667969,40.85771741317516,43.58654762137884,37.67096521156363,773236800,4766000000,197845651519.7754,197.8456515197754,,,,,,,,1276.0,39.463917,3.4140322,1.7150537,,,,-20.094716551950953,Technology,Semiconductors,United States,88400,2022-Q2
INTC,INTEL CORP,2022-06-01 00:00:00-04:00,2022,2,6,35.237178802490234,42.169701083998234,42.32040793389472,34.474223353750965,783353000,4766000000,167940394172.66846,167.94039417266845,,,,,,,,1276.0,39.463917,3.4140322,1.7150537,,,,-31.411185901729223,Technology,Semiconductors,United States,88400,2022-Q2
INTC,INTEL CORP,2022-07-01 00:00:00-04:00,2022,3,7,34.20106887817383,34.93576430551267,38.36434775727346,33.19321616877606,792918100,4766000000,163002294273.37646,163.00229427337646,,,,,,,,1276.0,39.463917,3.4140322,1.7150537,,,,-30.429000233258574,Technology,Semiconductors,United States,88400,2022-Q3
INTC,INTEL CORP,2022-08-01 00:00:00-04:00,2022,3,8,30.0660457611084,33.956169303218516,35.50091543666166,29.92475831173181,899717100,4766000000,143294774097.44263,143.29477409744263,,,,,,,,1276.0,39.463917,3.4140322,1.7150537,,,,-39.22501661519727,Technology,Semiconductors,United States,88400,2022-Q3
INTC,INTEL CORP,2022-09-01 00:00:00-04:00,2022,3,9,24.518293380737305,30.036573566078197,30.807231344749912,24.48974989514429,889075300,4766000000,116854186252.594,116.85418625259399,,,,,,,,1276.0,39.463917,3.4140322,1.7150537,,,,-50.03826035557878,Technology,Semiconductors,United States,88400,2022-Q3
INTC,INTEL CORP,2022-10-01 00:00:00-04:00,2022,4,10,27.04909324645996,25.051094459044016,27.800720281544677,23.39561026795782,981043600,4766000000,128915978412.62817,128.91597841262816,,,,,,,,1276.0,39.463917,3.4140322,1.7150537,,,,-40.06670311303734,Technology,Semiconductors,United States,88400,2022-Q4
INTC,INTEL CORP,2022-11-01 00:00:00-04:00,2022,4,11,28.609432220458984,27.401118539544793,29.817745901373176,25.850292101811778,788916300,4766000000,136352553962.70752,136.35255396270753,,,,,,,,1276.0,39.463917,3.4140322,1.7150537,,,,-36.86710880002748,Technology,Semiconductors,United States,88400,2022-Q4
INTC,INTEL CORP,2022-12-01 00:00:00-05:00,2022,4,12,25.48586082458496,29.159758479127753,29.39118491476998,24.444440944588035,758549700,4766000000,121465612689.97192,121.46561268997192,,,,,,,,1276.0,39.463917,3.4140322,1.7150537,,,,-46.64269315788238,Technology,Semiconductors,United States,88400,2022-Q4
INTC,INTEL CORP,2023-01-01 00:00:00-05:00,2023,1,1,27.250490188598633,26.08371312247101,29.40082918909817,25.428005779294367,840843300,4766000000,129875836238.86108,129.8758362388611,,,,,,,,1276.0,39.463917,3.4140322,1.7150537,,,,-39.81637029876506,Technology,Semiconductors,United States,88400,2023-Q1
INTC,INTEL CORP,2023-02-01 00:00:00-05:00,2023,1,2,24.039445877075195,26.89370728567211,30.056539135578426,23.84658958115856,880323200,4766000000,114571999050.14038,114.57199905014038,,,,,,,,1276.0,39.463917,3.4140322,1.7150537,,,,-45.661468813961605,Technology,Semiconductors,United States,88400,2023-Q1
INTC,INTEL CORP,2023-03-01 00:00:00-05:00,2023,1,3,31.886810302734375,24.42996414156648,32.11129985959346,24.37140116283167,1193573500,4766000000,151972537902.83203,151.97253790283204,,,,,,,,1276.0,39.463917,3.4140322,1.7150537,,,,-31.1528692275843,Technology,Semiconductors,United States,88400,2023-Q1
INTC,INTEL CORP,2023-04-01 00:00:00-04:00,2023,2,4,30.315412521362305,32.15034333521978,33.02876954243178,27.826543231927367,728910000,4766000000,144483256076.81274,144.48325607681275,,,,,,,,1276.0,39.463917,3.4140322,1.7150537,,,,-25.58120751671613,Technology,Semiconductors,United States,88400,2023-Q2
INTC,INTEL CORP,2023-05-01 00:00:00-04:00,2023,2,5,30.686302185058594,30.364213215342428,31.515925853001605,26.216096737251913,968066700,4766000000,146250916213.98926,146.25091621398926,,,,,,,,1276.0,39.463917,3.4140322,1.7150537,,,,-26.078276125583212,Technology,Semiconductors,United States,88400,2023-Q2
INTC,INTEL CORP,2023-06-01 00:00:00-04:00,2023,2,6,32.772010803222656,31.164771571104104,36.36870187963075,29.106722064317367,1065468900,4766000000,156191403488.15918,156.19140348815918,,,,,,,,1276.0,39.463917,3.4140322,1.7150537,,,,-6.995928967767884,Technology,Semiconductors,United States,88400,2023-Q2
INTC,INTEL CORP,2023-07-01 00:00:00-04:00,2023,3,7,35.05546951293945,32.87001578170341,36.447102218638456,30.753161582852645,791768500,4766000000,167074367698.66943,167.07436769866942,,,,,,,,1276.0,39.463917,3.4140322,1.7150537,,,,2.4981693929188253,Technology,Semiconductors,United States,88400,2023-Q3
INTC,INTEL CORP,2023-08-01 00:00:00-04:00,2023,3,8,34.43804931640625,35.104466062324384,35.30047164732894,31.380374901220172,716076000,4766000000,164131743041.9922,164.1317430419922,,,,,,,,1276.0,39.463917,3.4140322,1.7150537,,,,14.541332072850132,Technology,Semiconductors,United States,88400,2023-Q3
INTC,INTEL CORP,2023-09-01 00:00:00-04:00,2023,3,9,34.9651985168457,35.20125214587699,39.41084455604962,33.086618340610755,841397800,4766000000,166644136131.28662,166.64413613128661,,,,,,,,1276.0,39.463917,3.4140322,1.7150537,,,,42.60861461228769,Technology,Semiconductors,United States,88400,2023-Q3
INTC,INTEL CORP,2023-10-01 00:00:00-04:00,2023,4,10,35.89957809448242,35.02421911933925,36.60773535614693,31.62113672646627,795476300,4766000000,171097389198.30322,171.09738919830323,,,,,,,,1276.0,39.463917,3.4140322,1.7150537,,,,32.72007962477916,Technology,Semiconductors,United States,88400,2023-Q4
INTC,INTEL CORP,2023-11-01 00:00:00-04:00,2023,4,11,43.964683532714844,35.89957318914745,44.59415490065166,35.68319099943968,807901900,4766000000,209535681716.91895,209.53568171691896,,,,,,,,1276.0,39.463917,3.4140322,1.7150537,,,,53.671988992759935,Technology,Semiconductors,United States,88400,2023-Q4
INTC,INTEL CORP,2023-12-01 00:00:00-05:00,2023,4,12,49.58590316772461,43.77374516985268,50.60228963007465,40.625901345686,829551100,4766000000,236326414497.3755,236.32641449737548,,,,,,,,1276.0,39.463917,3.4140322,1.7150537,,,,94.56240269464047,Technology,Semiconductors,United States,88400,2023-Q4
INTC,INTEL CORP,2024-01-01 00:00:00-05:00,2024,1,1,42.51066207885742,48.54977989358274,49.63524092963385,41.80017630149584,1002867500,4766000000,202605815467.83447,202.60581546783447,,,,,,,,1276.0,39.463917,3.4140322,1.7150537,,,,55.99962343665845,Technology,Semiconductors,United States,88400,2024-Q1
INTC,INTEL CORP,2024-02-01 00:00:00-05:00,2024,1,2,42.48106002807617,42.579740708901376,44.67172220671576,41.050222152516824,815630800,4766000000,202464732093.81104,202.46473209381102,,,,,,,,1276.0,39.463917,3.4140322,1.7150537,,,,76.7139735470671,Technology,Semiconductors,United States,88400,2024-Q1
INTC,INTEL CORP,2024-03-01 00:00:00-05:00,2024,1,3,43.714012145996094,42.96185961632275,46.14861936970899,40.151178015431434,949239600,4766000000,208340981887.81738,208.34098188781738,,,,,,,,1276.0,39.463917,3.4140322,1.7150537,,,,37.09120395227335,Technology,Semiconductors,United States,88400,2024-Q1
INTC,INTEL CORP,2024-04-01 00:00:00-04:00,2024,2,4,30.155445098876953,43.8327771951091,44.941213921802735,30.105962024307132,1262774700,4766000000,143720851341.24756,143.72085134124757,12833000000.0,12833.0,4547000000.0,-1610000000.0,-1021000000.0,859000000.0,2.7998295671559177,1276.0,39.463917,3.4140322,1.7150537,,,,-0.5276768784611696,Technology,Semiconductors,United States,88400,2024-Q2
INTC,INTEL CORP,2024-05-01 00:00:00-04:00,2024,2,5,30.531522750854492,29.85854237706711,32.085312785680365,29.4230841550297,1024217800,4766000000,145513237430.5725,145.5132374305725,12833000000.0,12833.0,4547000000.0,-1610000000.0,-1021000000.0,859000000.0,2.834747086234172,1276.0,39.463917,3.4140322,1.7150537,,0.0,,-0.5043925894709589,Technology,Semiconductors,United States,88400,2024-Q2
INTC,INTEL CORP,2024-06-01 00:00:00-04:00,2024,2,6,30.774776458740234,30.83439960666366,31.281561844136643,29.751270391952296,751509700,4766000000,146672584602.35596,146.67258460235595,12833000000.0,12833.0,4547000000.0,-1610000000.0,-1021000000.0,859000000.0,2.857332358029221,1276.0,39.463917,3.4140322,1.7150537,,0.0,,-6.094329568224188,Technology,Semiconductors,United States,88400,2024-Q2
INTC,INTEL CORP,2024-07-01 00:00:00-04:00,2024,3,7,30.546226501464844,30.715154961920465,36.925757338486804,29.82082859876,1187303500,4766000000,145583315505.98145,145.58331550598143,13284000000.0,13284.0,1997000000.0,-16639000000.0,-3435000000.0,-5226000000.0,2.7398245164480097,1276.0,39.463917,3.4140322,1.7150537,,3.514376996805102,,-12.863165360858131,Technology,Semiconductors,United States,88400,2024-Q3
INTC,INTEL CORP,2024-08-01 00:00:00-04:00,2024,3,8,21.90106964111328,30.238181859295413,30.516415639244457,18.72124039204196,2013019200,4766000000,104380497909.5459,104.3804979095459,13284000000.0,13284.0,1997000000.0,-16639000000.0,-3435000000.0,-5226000000.0,1.9644026255184037,1276.0,39.463917,3.4140322,1.7150537,,0.0,3.514376996805102,-36.40444195926151,Technology,Semiconductors,United States,88400,2024-Q3
INTC,INTEL CORP,2024-09-01 00:00:00-04:00,2024,3,9,23.459999084472656,21.540000915527344,24.65999984741211,18.510000228881836,2132943300,4766000000,111810355636.59668,111.81035563659668,13284000000.0,13284.0,1997000000.0,-16639000000.0,-3435000000.0,-5226000000.0,2.104229818514692,1276.0,39.463917,3.4140322,1.7150537,,0.0,3.514376996805102,-32.90471646208448,Technology,Semiconductors,United States,88400,2024-Q3
INTC,INTEL CORP,2024-10-01 00:00:00-04:00,2024,4,10,21.520000457763672,23.459999084472656,23.81999969482422,21.469999313354492,1274330900,4766000000,102564322181.70166,102.56432218170166,14260000000.0,14260.0,5584000000.0,-126000000.0,469000000.0,3480000000.0,1.798112240212161,1276.0,39.463917,3.4140322,1.7150537,,7.347184582956934,11.119769344658303,-40.055004543155945,Technology,Semiconductors,United States,88400,2024-Q4
INTC,INTEL CORP,2024-11-01 00:00:00-04:00,2024,4,11,24.049999237060547,23.0,26.43000030517578,21.90999984741211,1435238600,4766000000,114622296363.83057,114.62229636383057,14260000000.0,14260.0,5584000000.0,-126000000.0,469000000.0,3480000000.0,2.009507299506146,1276.0,39.463917,3.4140322,1.7150537,,0.0,7.347184582956934,-45.297003629823585,Technology,Semiconductors,United States,88400,2024-Q4
INTC,INTEL CORP,2024-12-01 00:00:00-05:00,2024,4,12,20.049999237060547,24.84000015258789,25.479999542236328,18.899999618530273,1681318400,4766000000,95558296363.83057,95.55829636383056,14260000000.0,14260.0,5584000000.0,-126000000.0,469000000.0,3480000000.0,1.6752857006281656,1276.0,39.463917,3.4140322,1.7150537,,0.0,7.347184582956934,-59.565122431588456,Technology,Semiconductors,United States,88400,2024-Q4
INTC,INTEL CORP,2025-01-01 00:00:00-05:00,2025,1,1,19.43000030517578,20.229999542236328,22.40999984741211,18.729999542236328,1473128300,4766000000,92603381454.46777,92.60338145446778,12667000000.0,12667.0,4672000000.0,-821000000.0,-145000000.0,2387000000.0,1.827650222121808,1276.0,39.463917,3.4140322,1.7150537,,-11.171107994389907,-4.644685335742249,-54.29381864452484,Technology,Semiconductors,United States,88400,2025-Q1
INTC,INTEL CORP,2025-02-01 00:00:00-05:00,2025,1,2,23.729999542236328,18.969999313354492,27.549999237060547,18.780000686645508,2309470800,4766000000,113097177818.29834,113.09717781829833,12667000000.0,12667.0,4672000000.0,-821000000.0,-145000000.0,2387000000.0,2.2321224010874388,1276.0,39.463917,3.4140322,1.7150537,,0.0,-11.171107994389907,-44.13981306833463,Technology,Semiconductors,United States,88400,2025-Q1
INTC,INTEL CORP,2025-03-01 00:00:00-05:00,2025,1,3,22.709999084472656,25.0,26.40999984741211,19.290000915527344,2204778500,4766000000,108235855636.59668,108.23585563659668,12667000000.0,12667.0,4672000000.0,-821000000.0,-145000000.0,2387000000.0,2.136177777622892,1276.0,39.463917,3.4140322,1.7150537,,0.0,-11.171107994389907,-48.04869658583206,Technology,Semiconductors,United States,88400,2025-Q1
INTC,INTEL CORP,2025-04-01 00:00:00-04:00,2025,2,4,20.100000381469727,22.559999465942383,23.899999618530273,17.670000076293945,2422926400,4766000000,95796601818.08472,95.79660181808471,12859000000.0,12859.0,3542000000.0,-2918000000.0,-1286000000.0,471000000.0,1.8624426825197278,1276.0,39.463917,3.4140322,1.7150537,,1.5157495855372183,-9.824684431977559,-33.3453699139122,Technology,Semiconductors,United States,88400,2025-Q2
INTC,INTEL CORP,2025-05-01 00:00:00-04:00,2025,2,5,19.549999237060547,20.219999313354492,22.8799991607666,19.309999465942383,1397631200,4766000000,93175296363.83057,93.17529636383057,12859000000.0,12859.0,3542000000.0,-2918000000.0,-1286000000.0,471000000.0,1.8114802154878016,1276.0,39.463917,3.4140322,1.7150537,,0.0,1.5157495855372183,-35.96782120369873,Technology,Semiconductors,United States,88400,2025-Q2
INTC,INTEL CORP,2025-06-01 00:00:00-04:00,2025,2,6,22.399999618530273,19.479999542236328,23.3799991607666,19.3700008392334,1853561900,4766000000,106758398181.91528,106.75839818191528,12859000000.0,12859.0,3542000000.0,-2918000000.0,-1286000000.0,471000000.0,2.0755579396126307,1276.0,39.463917,3.4140322,1.7150537,,0.0,1.5157495855372183,-27.21311997647824,Technology,Semiconductors,United States,88400,2025-Q2
INTC,INTEL CORP,2025-07-01 00:00:00-04:00,2025,3,7,19.799999237060547,22.329999923706055,24.040000915527344,19.65999984741211,1842370800,4766000000,94366796363.83057,94.36679636383056,,,,,,,,1276.0,39.463917,3.4140322,1.7150537,,0.0,1.5157495855372183,-35.18021207591373,Technology,Semiconductors,United States,88400,2025-Q3
INTC,INTEL CORP,2025-08-01 00:00:00-04:00,2025,3,8,24.350000381469727,19.5,26.530000686645508,18.969999313354492,2840289900,4766000000,116052101818.08472,116.05210181808472,,,,,,,,1276.0,39.463917,3.4140322,1.7150537,,0.0,0.0,11.181786006283655,Technology,Semiconductors,United States,88400,2025-Q3
INTC,INTEL CORP,2025-09-01 00:00:00-04:00,2025,3,9,33.54999923706055,23.8799991607666,36.29999923706055,23.68000030517578,2703395800,4766000000,159899296363.83057,159.89929636383056,,,,,,,,1276.0,39.463917,3.4140322,1.7150537,,0.0,0.0,43.00937999296899,Technology,Semiconductors,United States,88400,2025-Q3
INTC,INTEL CORP,2025-10-01 00:00:00-04:00,2025,4,10,38.279998779296875,33.529998779296875,41.119998931884766,33.5,2413732025,4766000000,182442474182.1289,182.4424741821289,,,,,,,,1276.0,39.463917,3.4140322,1.7150537,,0.0,0.0,77.88103143597647,Technology,Semiconductors,United States,88400,2025-Q4
