ticker,company_name,date,year,quarter,month,close_price,open_price,high_price,low_price,volume,shares_outstanding,market_cap,market_cap_billions,revenue,revenue_millions,gross_profit,net_income,operating_income,ebitda,ps_ratio,current_pe,forward_pe,current_ps,current_pb,peg_ratio,revenue_qoq_pct,revenue_yoy_pct,market_cap_yoy_pct,sector,industry,country,employees,year_quarter
IRBT,iRobot Corporation,2015-01-01 00:00:00-05:00,2015,1,1,31.549999237060547,34.84000015258789,35.27000045776367,30.260000228881836,9414000,31367897,989657126.4181938,0.9896571264181938,,,,,,,,,-3.7449663,0.11184301,0.2102566,,,,,Consumer Cyclical,"Furnishings, Fixtures & Appliances",United States,1372,2015-Q1
IRBT,iRobot Corporation,2015-02-01 00:00:00-05:00,2015,1,2,32.849998474121094,31.719999313354492,33.279998779296875,28.049999237060547,11968900,31367897,1030435368.5863876,1.0304353685863876,,,,,,,,,-3.7449663,0.11184301,0.2102566,,,,,Consumer Cyclical,"Furnishings, Fixtures & Appliances",United States,1372,2015-Q1
IRBT,iRobot Corporation,2015-03-01 00:00:00-05:00,2015,1,3,32.630001068115234,32.849998474121094,34.9900016784668,29.920000076293945,11691700,31367897,1023534512.6145287,1.0235345126145285,,,,,,,,,-3.7449663,0.11184301,0.2102566,,,,,Consumer Cyclical,"Furnishings, Fixtures & Appliances",United States,1372,2015-Q1
IRBT,iRobot Corporation,2015-04-01 00:00:00-04:00,2015,2,4,32.41999816894531,32.599998474121094,34.93000030517578,31.780000686645508,10610800,31367897,1016947163.3036652,1.016947163303665,,,,,,,,,-3.7449663,0.11184301,0.2102566,,,,,Consumer Cyclical,"Furnishings, Fixtures & Appliances",United States,1372,2015-Q2
IRBT,iRobot Corporation,2015-05-01 00:00:00-04:00,2015,2,5,31.950000762939453,32.630001068115234,33.36000061035156,31.610000610351562,5035600,31367897,1002204333.0818062,1.0022043330818062,,,,,,,,,-3.7449663,0.11184301,0.2102566,,,,,Consumer Cyclical,"Furnishings, Fixtures & Appliances",United States,1372,2015-Q2
IRBT,iRobot Corporation,2015-06-01 00:00:00-04:00,2015,2,6,31.8799991607666,32.0,33.83000183105469,31.709999084472656,5128300,31367897,1000008530.0350132,1.0000085300350132,,,,,,,,,-3.7449663,0.11184301,0.2102566,,,,,Consumer Cyclical,"Furnishings, Fixtures & Appliances",United States,1372,2015-Q2
IRBT,iRobot Corporation,2015-07-01 00:00:00-04:00,2015,3,7,30.790000915527344,32.11000061035156,32.88999938964844,30.100000381469727,6029100,31367897,965817577.3481674,0.9658175773481674,,,,,,,,,-3.7449663,0.11184301,0.2102566,,,,,Consumer Cyclical,"Furnishings, Fixtures & Appliances",United States,1372,2015-Q3
IRBT,iRobot Corporation,2015-08-01 00:00:00-04:00,2015,3,8,29.299999237060547,30.549999237060547,31.6200008392334,27.549999237060547,6568300,31367897,919079358.1681938,0.9190793581681939,,,,,,,,,-3.7449663,0.11184301,0.2102566,,,,,Consumer Cyclical,"Furnishings, Fixtures & Appliances",United States,1372,2015-Q3
IRBT,iRobot Corporation,2015-09-01 00:00:00-04:00,2015,3,9,29.139999389648438,28.770000457763672,32.15999984741211,28.510000228881836,7074400,31367897,914060499.434555,0.914060499434555,,,,,,,,,-3.7449663,0.11184301,0.2102566,,,,,Consumer Cyclical,"Furnishings, Fixtures & Appliances",United States,1372,2015-Q3
IRBT,iRobot Corporation,2015-10-01 00:00:00-04:00,2015,4,10,30.010000228881836,29.06999969482422,32.130001068115234,28.270000457763672,8104100,31367897,941350596.1495419,0.9413505961495419,,,,,,,,,-3.7449663,0.11184301,0.2102566,,,,,Consumer Cyclical,"Furnishings, Fixtures & Appliances",United States,1372,2015-Q4
IRBT,iRobot Corporation,2015-11-01 00:00:00-04:00,2015,4,11,33.09000015258789,30.030000686645508,33.439998626708984,30.0,4270300,31367897,1037963716.5163612,1.0379637165163613,,,,,,,,,-3.7449663,0.11184301,0.2102566,,,,,Consumer Cyclical,"Furnishings, Fixtures & Appliances",United States,1372,2015-Q4
IRBT,iRobot Corporation,2015-12-01 00:00:00-05:00,2015,4,12,35.400001525878906,33.29999923706055,37.709999084472656,32.099998474121094,9343300,31367897,1110423601.6636124,1.1104236016636124,,,,,,,,,-3.7449663,0.11184301,0.2102566,,,,,Consumer Cyclical,"Furnishings, Fixtures & Appliances",United States,1372,2015-Q4
IRBT,iRobot Corporation,2016-01-01 00:00:00-05:00,2016,1,1,33.93000030517578,34.34000015258789,34.9900016784668,30.0,7233800,31367897,1064312754.7827225,1.0643127547827225,,,,,,,,,-3.7449663,0.11184301,0.2102566,,,,7.543585184368373,Consumer Cyclical,"Furnishings, Fixtures & Appliances",United States,1372,2016-Q1
IRBT,iRobot Corporation,2016-02-01 00:00:00-05:00,2016,1,2,31.34000015258789,33.72999954223633,35.400001525878906,28.020000457763672,9132800,31367897,983069896.7663612,0.9830698967663613,,,,,,,,,-3.7449663,0.11184301,0.2102566,,,,-4.596646549992278,Consumer Cyclical,"Furnishings, Fixtures & Appliances",United States,1372,2016-Q1
IRBT,iRobot Corporation,2016-03-01 00:00:00-05:00,2016,1,3,35.29999923706055,31.520000457763672,36.0,31.329999923706055,5468100,31367897,1107286740.1681938,1.1072867401681938,,,,,,,,,-3.7449663,0.11184301,0.2102566,,,,8.182648119966895,Consumer Cyclical,"Furnishings, Fixtures & Appliances",United States,1372,2016-Q1
IRBT,iRobot Corporation,2016-04-01 00:00:00-04:00,2016,2,4,37.380001068115234,35.02000045776367,38.540000915527344,34.150001525878906,7293400,31367897,1172532023.3645287,1.1725320233645287,,,,,,,,,-3.7449663,0.11184301,0.2102566,,,,15.299207832531714,Consumer Cyclical,"Furnishings, Fixtures & Appliances",United States,1372,2016-Q2
IRBT,iRobot Corporation,2016-05-01 00:00:00-04:00,2016,2,5,38.5,37.689998626708984,39.0,36.75,6578400,31367897,1207664034.5,1.2076640345,,,,,,,,,-3.7449663,0.11184301,0.2102566,,,,20.500779595154974,Consumer Cyclical,"Furnishings, Fixtures & Appliances",United States,1372,2016-Q2
IRBT,iRobot Corporation,2016-06-01 00:00:00-04:00,2016,2,6,35.08000183105469,38.5,38.79999923706055,33.900001525878906,7950100,31367897,1100385884.1963348,1.1003858841963348,,,,,,,,,-3.7449663,0.11184301,0.2102566,,,,10.037649794627956,Consumer Cyclical,"Furnishings, Fixtures & Appliances",United States,1372,2016-Q2
IRBT,iRobot Corporation,2016-07-01 00:00:00-04:00,2016,3,7,37.91999816894531,34.9900016784668,38.400001525878906,34.27000045776367,5403300,31367897,1189470596.8036652,1.1894705968036652,,,,,,,,,-3.7449663,0.11184301,0.2102566,,,,23.156859504418925,Consumer Cyclical,"Furnishings, Fixtures & Appliances",United States,1372,2016-Q3
IRBT,iRobot Corporation,2016-08-01 00:00:00-04:00,2016,3,8,39.86000061035156,38.060001373291016,40.93000030517578,37.81999969482422,6519800,31367897,1250324393.565445,1.250324393565445,,,,,,,,,-3.7449663,0.11184301,0.2102566,,,,36.04096125686598,Consumer Cyclical,"Furnishings, Fixtures & Appliances",United States,1372,2016-Q3
IRBT,iRobot Corporation,2016-09-01 00:00:00-04:00,2016,3,9,43.97999954223633,40.22999954223633,44.66999816894531,38.189998626708984,6404700,31367897,1379560095.7009163,1.3795600957009162,,,,,,,,,-3.7449663,0.11184301,0.2102566,,,,50.92656301790996,Consumer Cyclical,"Furnishings, Fixtures & Appliances",United States,1372,2016-Q3
IRBT,iRobot Corporation,2016-10-01 00:00:00-04:00,2016,4,10,50.70000076293945,43.7400016784668,50.84000015258789,42.060001373291016,7754100,31367897,1590352401.8318062,1.5903524018318063,,,,,,,,,-3.7449663,0.11184301,0.2102566,,,,68.94368669196282,Consumer Cyclical,"Furnishings, Fixtures & Appliances",United States,1372,2016-Q4
IRBT,iRobot Corporation,2016-11-01 00:00:00-04:00,2016,4,11,57.0,50.84000015258789,58.16999816894531,48.459999084472656,8217800,31367897,1787970129.0,1.787970129,,,,,,,,,-3.7449663,0.11184301,0.2102566,,,,72.25747880675716,Consumer Cyclical,"Furnishings, Fixtures & Appliances",United States,1372,2016-Q4
IRBT,iRobot Corporation,2016-12-01 00:00:00-05:00,2016,4,12,58.45000076293945,57.220001220703125,60.86000061035156,55.79999923706055,8843600,31367897,1833453603.5818062,1.833453603581806,,,,,,,,,-3.7449663,0.11184301,0.2102566,,,,65.11298938846095,Consumer Cyclical,"Furnishings, Fixtures & Appliances",United States,1372,2016-Q4
IRBT,iRobot Corporation,2017-01-01 00:00:00-05:00,2017,1,1,60.560001373291016,59.220001220703125,63.16999816894531,57.34000015258789,8544200,31367897,1899639885.3972511,1.8996398853972511,,,,,,,,,-3.7449663,0.11184301,0.2102566,,,,78.48511885823063,Consumer Cyclical,"Furnishings, Fixtures & Appliances",United States,1372,2017-Q1
IRBT,iRobot Corporation,2017-02-01 00:00:00-05:00,2017,1,2,57.08000183105469,60.79999923706055,63.9900016784668,52.119998931884766,16249100,31367897,1790479618.1963348,1.790479618196335,,,,,,,,,-3.7449663,0.11184301,0.2102566,,,,82.1314663469819,Consumer Cyclical,"Furnishings, Fixtures & Appliances",United States,1372,2017-Q1
IRBT,iRobot Corporation,2017-03-01 00:00:00-05:00,2017,1,3,66.13999938964844,57.52000045776367,66.23999786376953,55.81999969482422,9880700,31367897,2074672688.434555,2.074672688434555,,,,,,,,,-3.7449663,0.11184301,0.2102566,,,,87.3654414139754,Consumer Cyclical,"Furnishings, Fixtures & Appliances",United States,1372,2017-Q1
IRBT,iRobot Corporation,2017-04-01 00:00:00-04:00,2017,2,4,79.73999786376953,66.11000061035156,82.44000244140625,65.0,13430100,31367897,2501276039.7709427,2.501276039770943,,,,,,,,,-3.7449663,0.11184301,0.2102566,,,,113.32262061326412,Consumer Cyclical,"Furnishings, Fixtures & Appliances",United States,1372,2017-Q2
IRBT,iRobot Corporation,2017-05-01 00:00:00-04:00,2017,2,5,92.72000122070312,79.88999938964844,99.9800033569336,79.61000061035156,15408600,31367897,2908431448.13089,2.90843144813089,,,,,,,,,-3.7449663,0.11184301,0.2102566,,,,140.8311720018263,Consumer Cyclical,"Furnishings, Fixtures & Appliances",United States,1372,2017-Q2
IRBT,iRobot Corporation,2017-06-01 00:00:00-04:00,2017,2,6,84.13999938964844,92.58000183105469,104.61000061035156,84.08999633789062,21392700,31367897,2639294834.434555,2.6392948344345553,,,,,,,,,-3.7449663,0.11184301,0.2102566,,,,139.85175312950875,Consumer Cyclical,"Furnishings, Fixtures & Appliances",United States,1372,2017-Q2
IRBT,iRobot Corporation,2017-07-01 00:00:00-04:00,2017,3,7,105.51000213623047,83.30000305175781,109.77999877929688,79.4000015258789,26989100,31367897,3309626879.4790573,3.3096268794790573,,,,,,,,,-3.7449663,0.11184301,0.2102566,,,,178.24368995523363,Consumer Cyclical,"Furnishings, Fixtures & Appliances",United States,1372,2017-Q3
IRBT,iRobot Corporation,2017-08-01 00:00:00-04:00,2017,3,8,95.41999816894531,106.05000305175781,107.81999969482422,90.11000061035156,14030300,31367897,2993124674.303665,2.9931246743036652,,,,,,,,,-3.7449663,0.11184301,0.2102566,,,,139.38784924194135,Consumer Cyclical,"Furnishings, Fixtures & Appliances",United States,1372,2017-Q3
IRBT,iRobot Corporation,2017-09-01 00:00:00-04:00,2017,3,9,77.05999755859375,95.75,100.95999908447266,72.62999725341797,27455800,31367897,2417210066.23822,2.41721006623822,,,,,,,,,-3.7449663,0.11184301,0.2102566,,,,75.2160035485879,Consumer Cyclical,"Furnishings, Fixtures & Appliances",United States,1372,2017-Q3
IRBT,iRobot Corporation,2017-10-01 00:00:00-04:00,2017,4,10,67.19000244140625,77.0,81.93000030517578,62.959999084472656,30031000,31367897,2107609076.0117798,2.1076090760117796,,,,,,,,,-3.7449663,0.11184301,0.2102566,,,,32.52465765349775,Consumer Cyclical,"Furnishings, Fixtures & Appliances",United States,1372,2017-Q4
IRBT,iRobot Corporation,2017-11-01 00:00:00-04:00,2017,4,11,68.62000274658203,67.05999755859375,73.27999877929688,65.20999908447266,16972400,31367897,2152465178.2945023,2.152465178294502,,,,,,,,,-3.7449663,0.11184301,0.2102566,,,,20.385969730845677,Consumer Cyclical,"Furnishings, Fixtures & Appliances",United States,1372,2017-Q4
IRBT,iRobot Corporation,2017-12-01 00:00:00-05:00,2017,4,12,76.69999694824219,68.63999938964844,81.16000366210938,63.0,20774800,31367897,2405917604.1727753,2.4059176041727754,,,,,,,,,-3.7449663,0.11184301,0.2102566,,,,31.223260816232944,Consumer Cyclical,"Furnishings, Fixtures & Appliances",United States,1372,2017-Q4
IRBT,iRobot Corporation,2018-01-01 00:00:00-05:00,2018,1,1,88.75,77.80999755859375,94.8499984741211,77.68000030517578,17651900,31367897,2783900858.75,2.78390085875,,,,,,,,,-3.7449663,0.11184301,0.2102566,,,,46.548873823410645,Consumer Cyclical,"Furnishings, Fixtures & Appliances",United States,1372,2018-Q1
IRBT,iRobot Corporation,2018-02-01 00:00:00-05:00,2018,1,2,67.94999694824219,88.52999877929688,91.05999755859375,55.77000045776367,35858300,31367897,2131448505.4227753,2.1314485054227754,,,,,,,,,-3.7449663,0.11184301,0.2102566,,,,19.043438627350607,Consumer Cyclical,"Furnishings, Fixtures & Appliances",United States,1372,2018-Q1
IRBT,iRobot Corporation,2018-03-01 00:00:00-05:00,2018,1,3,64.19000244140625,67.91999816894531,71.93000030517578,63.029998779296875,13763700,31367897,2013505385.0117798,2.0135053850117797,,,,,,,,,-3.7449663,0.11184301,0.2102566,,,,-2.9482869159919933,Consumer Cyclical,"Furnishings, Fixtures & Appliances",United States,1372,2018-Q1
IRBT,iRobot Corporation,2018-04-01 00:00:00-04:00,2018,2,4,58.36000061035156,63.97999954223633,68.12000274658203,56.900001525878906,24083800,31367897,1830630488.065445,1.830630488065445,,,,,,,,,-3.7449663,0.11184301,0.2102566,,,,-26.812136727096814,Consumer Cyclical,"Furnishings, Fixtures & Appliances",United States,1372,2018-Q2
IRBT,iRobot Corporation,2018-05-01 00:00:00-04:00,2018,2,5,62.40999984741211,58.029998779296875,65.5999984741211,56.61000061035156,13128200,31367897,1957670446.9836388,1.9576704469836388,,,,,,,,,-3.7449663,0.11184301,0.2102566,,,,-32.689819860057554,Consumer Cyclical,"Furnishings, Fixtures & Appliances",United States,1372,2018-Q2
IRBT,iRobot Corporation,2018-06-01 00:00:00-04:00,2018,2,6,75.7699966430664,62.81999969482422,81.69999694824219,62.81999969482422,16135500,31367897,2376745450.390053,2.376745450390053,,,,,,,,,-3.7449663,0.11184301,0.2102566,,,,-9.947709540406501,Consumer Cyclical,"Furnishings, Fixtures & Appliances",United States,1372,2018-Q2
IRBT,iRobot Corporation,2018-07-01 00:00:00-04:00,2018,3,7,79.25,75.0999984741211,89.4800033569336,70.86000061035156,23306600,31367897,2485905837.25,2.48590583725,,,,,,,,,-3.7449663,0.11184301,0.2102566,,,,-24.888637668990434,Consumer Cyclical,"Furnishings, Fixtures & Appliances",United States,1372,2018-Q3
IRBT,iRobot Corporation,2018-08-01 00:00:00-04:00,2018,3,8,113.5,79.05999755859375,118.75,78.12999725341797,19379800,31367897,3560256309.5,3.5602563095,,,,,,,,,-3.7449663,0.11184301,0.2102566,,,,18.947811966044313,Consumer Cyclical,"Furnishings, Fixtures & Appliances",United States,1372,2018-Q3
IRBT,iRobot Corporation,2018-09-01 00:00:00-04:00,2018,3,9,109.91999816894531,111.0999984741211,116.5199966430664,99.7300033569336,15842900,31367897,3447959180.803665,3.4479591808036654,,,,,,,,,-3.7449663,0.11184301,0.2102566,,,,42.642099210249725,Consumer Cyclical,"Furnishings, Fixtures & Appliances",United States,1372,2018-Q3
IRBT,iRobot Corporation,2018-10-01 00:00:00-04:00,2018,4,10,88.16999816894531,111.33000183105469,114.22000122070312,76.11000061035156,25314600,31367897,2765707421.053665,2.765707421053665,,,,,,,,,-3.7449663,0.11184301,0.2102566,,,,31.224877162096988,Consumer Cyclical,"Furnishings, Fixtures & Appliances",United States,1372,2018-Q4
IRBT,iRobot Corporation,2018-11-01 00:00:00-04:00,2018,4,11,95.4000015258789,89.2699966430664,101.22000122070312,84.5,13654400,31367897,2992497421.6636124,2.992497421663612,,,,,,,,,-3.7449663,0.11184301,0.2102566,,,,39.02651953862066,Consumer Cyclical,"Furnishings, Fixtures & Appliances",United States,1372,2018-Q4
IRBT,iRobot Corporation,2018-12-01 00:00:00-05:00,2018,4,12,83.73999786376953,100.0,103.62999725341797,73.01000213623047,13295800,31367897,2626747627.7709427,2.6267476277709427,,,,,,,,,-3.7449663,0.11184301,0.2102566,,,,9.178619551025523,Consumer Cyclical,"Furnishings, Fixtures & Appliances",United States,1372,2018-Q4
IRBT,iRobot Corporation,2019-01-01 00:00:00-05:00,2019,1,1,89.79000091552734,82.05999755859375,92.47000122070312,77.9800033569336,12133600,31367897,2816523500.3481674,2.8165235003481675,,,,,,,,,-3.7449663,0.11184301,0.2102566,,,,1.1718320174955998,Consumer Cyclical,"Furnishings, Fixtures & Appliances",United States,1372,2019-Q1
IRBT,iRobot Corporation,2019-02-01 00:00:00-05:00,2019,1,2,125.05999755859375,89.83999633789062,125.52999877929688,87.55999755859375,22012900,31367897,3922869122.23822,3.9228691222382204,,,,,,,,,-3.7449663,0.11184301,0.2102566,,,,84.04709812401097,Consumer Cyclical,"Furnishings, Fixtures & Appliances",United States,1372,2019-Q1
IRBT,iRobot Corporation,2019-03-01 00:00:00-05:00,2019,1,3,117.69000244140625,126.94999694824219,132.8800048828125,114.4000015258789,15627100,31367897,3691687874.51178,3.69168787451178,,,,,,,,,-3.7449663,0.11184301,0.2102566,,,,83.34631245548827,Consumer Cyclical,"Furnishings, Fixtures & Appliances",United States,1372,2019-Q1
IRBT,iRobot Corporation,2019-04-01 00:00:00-04:00,2019,2,4,103.54000091552734,118.30999755859375,132.3000030517578,96.5,24500900,31367897,3247832084.0981674,3.2478320840981674,,,,,,,,,-3.7449663,0.11184301,0.2102566,,,,77.41603809572615,Consumer Cyclical,"Furnishings, Fixtures & Appliances",United States,1372,2019-Q2
IRBT,iRobot Corporation,2019-05-01 00:00:00-04:00,2019,2,5,87.11000061035156,103.05999755859375,105.06999969482422,86.30000305175781,14864900,31367897,2732457526.815445,2.7324575268154447,,,,,,,,,-3.7449663,0.11184301,0.2102566,,,,39.57699218607458,Consumer Cyclical,"Furnishings, Fixtures & Appliances",United States,1372,2019-Q2
IRBT,iRobot Corporation,2019-06-01 00:00:00-04:00,2019,2,6,91.63999938964844,86.75,96.58000183105469,86.0,9567300,31367897,2874554061.934555,2.874554061934555,,,,,,,,,-3.7449663,0.11184301,0.2102566,,,,20.944969578580896,Consumer Cyclical,"Furnishings, Fixtures & Appliances",United States,1372,2019-Q2
IRBT,iRobot Corporation,2019-07-01 00:00:00-04:00,2019,3,7,73.0999984741211,93.94999694824219,96.0999984741211,69.25,26379100,31367897,2292993222.8363876,2.2929932228363876,,,,,,,,,-3.7449663,0.11184301,0.2102566,,,,-7.760254291329849,Consumer Cyclical,"Furnishings, Fixtures & Appliances",United States,1372,2019-Q3
IRBT,iRobot Corporation,2019-08-01 00:00:00-04:00,2019,3,8,61.810001373291016,73.0999984741211,73.33000183105469,59.91999816894531,18873700,31367897,1938849756.6472511,1.9388497566472511,,,,,,,,,-3.7449663,0.11184301,0.2102566,,,,-45.541849010316284,Consumer Cyclical,"Furnishings, Fixtures & Appliances",United States,1372,2019-Q3
IRBT,iRobot Corporation,2019-09-01 00:00:00-04:00,2019,3,9,61.66999816894531,61.18000030517578,66.88999938964844,57.33000183105469,19832800,31367897,1934458150.5536652,1.934458150553665,,,,,,,,,-3.7449663,0.11184301,0.2102566,,,,-43.89556113878432,Consumer Cyclical,"Furnishings, Fixtures & Appliances",United States,1372,2019-Q3
IRBT,iRobot Corporation,2019-10-01 00:00:00-04:00,2019,4,10,48.060001373291016,61.77000045776367,62.38999938964844,44.0,43983300,31367897,1507541172.8972511,1.5075411728972512,,,,,,,,,-3.7449663,0.11184301,0.2102566,,,,-45.491661141693875,Consumer Cyclical,"Furnishings, Fixtures & Appliances",United States,1372,2019-Q4
IRBT,iRobot Corporation,2019-11-01 00:00:00-04:00,2019,4,11,43.560001373291016,48.2599983215332,52.2400016784668,43.0,24513400,31367897,1366385636.3972511,1.366385636397251,,,,,,,,,-3.7449663,0.11184301,0.2102566,,,,-54.33962193231767,Consumer Cyclical,"Furnishings, Fixtures & Appliances",United States,1372,2019-Q4
IRBT,iRobot Corporation,2019-12-01 00:00:00-05:00,2019,4,12,50.630001068115234,43.900001525878906,52.95000076293945,42.40999984741211,22518300,31367897,1588156658.6145287,1.5881566586145286,,,,,,,,,-3.7449663,0.11184301,0.2102566,,,,-39.539046620849604,Consumer Cyclical,"Furnishings, Fixtures & Appliances",United States,1372,2019-Q4
IRBT,iRobot Corporation,2020-01-01 00:00:00-05:00,2020,1,1,47.04999923706055,51.29999923706055,57.900001525878906,46.689998626708984,26592700,31367897,1475859529.9181938,1.4758595299181938,,,,,,,,,-3.7449663,0.11184301,0.2102566,,,,-47.59995683558991,Consumer Cyclical,"Furnishings, Fixtures & Appliances",United States,1372,2020-Q1
IRBT,iRobot Corporation,2020-02-01 00:00:00-05:00,2020,1,2,47.9900016784668,47.720001220703125,58.84000015258789,44.5099983215332,32583200,31367897,1505345429.6799736,1.5053454296799735,,,,,,,,,-3.7449663,0.11184301,0.2102566,,,,-61.626417227473326,Consumer Cyclical,"Furnishings, Fixtures & Appliances",United States,1372,2020-Q1
IRBT,iRobot Corporation,2020-03-01 00:00:00-05:00,2020,1,3,40.900001525878906,47.939998626708984,50.0,32.790000915527344,30217100,31367897,1282947035.1636124,1.2829470351636123,,,,,,,,,-3.7449663,0.11184301,0.2102566,,,,-65.24768401951424,Consumer Cyclical,"Furnishings, Fixtures & Appliances",United States,1372,2020-Q1
IRBT,iRobot Corporation,2020-04-01 00:00:00-04:00,2020,2,4,60.959999084472656,39.56999969482422,62.130001068115234,37.0099983215332,24521800,31367897,1912186972.4018326,1.9121869724018326,,,,,,,,,-3.7449663,0.11184301,0.2102566,,,,-41.124204611310944,Consumer Cyclical,"Furnishings, Fixtures & Appliances",United States,1372,2020-Q2
IRBT,iRobot Corporation,2020-05-01 00:00:00-04:00,2020,2,5,73.72000122070312,59.349998474121094,78.41999816894531,57.75,15252500,31367897,2312441405.13089,2.31244140513089,,,,,,,,,-3.7449663,0.11184301,0.2102566,,,,-15.371368724404832,Consumer Cyclical,"Furnishings, Fixtures & Appliances",United States,1372,2020-Q2
IRBT,iRobot Corporation,2020-06-01 00:00:00-04:00,2020,2,6,83.9000015258789,73.76000213623047,87.19999694824219,73.63999938964844,21327400,31367897,2631766606.1636124,2.6317666061636125,,,,,,,,,-3.7449663,0.11184301,0.2102566,,,,-8.446091134133981,Consumer Cyclical,"Furnishings, Fixtures & Appliances",United States,1372,2020-Q2
IRBT,iRobot Corporation,2020-07-01 00:00:00-04:00,2020,3,7,72.69000244140625,84.0,89.26000213623047,70.76000213623047,16875800,31367897,2280132509.51178,2.28013250951178,,,,,,,,,-3.7449663,0.11184301,0.2102566,,,,-0.560870097500743,Consumer Cyclical,"Furnishings, Fixtures & Appliances",United States,1372,2020-Q3
IRBT,iRobot Corporation,2020-08-01 00:00:00-04:00,2020,3,8,74.02999877929688,73.12999725341797,78.6500015258789,69.19999694824219,10753100,31367897,2322165376.61911,2.32216537661911,,,,,,,,,-3.7449663,0.11184301,0.2102566,,,,19.770259075396645,Consumer Cyclical,"Furnishings, Fixtures & Appliances",United States,1372,2020-Q3
IRBT,iRobot Corporation,2020-09-01 00:00:00-04:00,2020,3,9,75.9000015258789,74.02999877929688,86.86000061035156,67.55000305175781,13151400,31367897,2380823430.1636124,2.380823430163612,,,,,,,,,-3.7449663,0.11184301,0.2102566,,,,23.074434537764077,Consumer Cyclical,"Furnishings, Fixtures & Appliances",United States,1372,2020-Q3
IRBT,iRobot Corporation,2020-10-01 00:00:00-04:00,2020,4,10,79.58000183105469,76.75,98.55000305175781,75.4000015258789,25552000,31367897,2496257300.696335,2.496257300696335,,,,,,,,,-3.7449663,0.11184301,0.2102566,,,,65.5846848878383,Consumer Cyclical,"Furnishings, Fixtures & Appliances",United States,1372,2020-Q4
IRBT,iRobot Corporation,2020-11-01 00:00:00-04:00,2020,4,11,78.43000030517578,80.5999984741211,86.54000091552734,71.0999984741211,15398300,31367897,2460184171.2827225,2.4601841712827226,,,,,,,,,-3.7449663,0.11184301,0.2102566,,,,80.05050007474391,Consumer Cyclical,"Furnishings, Fixtures & Appliances",United States,1372,2020-Q4
IRBT,iRobot Corporation,2020-12-01 00:00:00-05:00,2020,4,12,80.29000091552734,79.30999755859375,88.44999694824219,74.01000213623047,11074600,31367897,2518528478.8481674,2.518528478848167,,,,,,,,,-3.7449663,0.11184301,0.2102566,,,,58.58186692018619,Consumer Cyclical,"Furnishings, Fixtures & Appliances",United States,1372,2020-Q4
IRBT,iRobot Corporation,2021-01-01 00:00:00-05:00,2021,1,1,120.0999984741211,80.47000122070312,197.39999389648438,78.54000091552734,36144400,31367897,3767284381.8363876,3.7672843818363875,,,,,,,,,-3.7449663,0.11184301,0.2102566,,,,155.26036221382168,Consumer Cyclical,"Furnishings, Fixtures & Appliances",United States,1372,2021-Q1
IRBT,iRobot Corporation,2021-02-01 00:00:00-05:00,2021,1,2,124.11000061035156,120.0,137.7899932861328,103.63999938964844,19526800,31367897,3893069715.815445,3.893069715815445,,,,,,,,,-3.7449663,0.11184301,0.2102566,,,,158.6163706388032,Consumer Cyclical,"Furnishings, Fixtures & Appliances",United States,1372,2021-Q1
IRBT,iRobot Corporation,2021-03-01 00:00:00-05:00,2021,1,3,122.18000030517578,126.0,134.5,107.0199966430664,12816800,31367897,3832529665.0327225,3.8325296650327223,,,,,,,,,-3.7449663,0.11184301,0.2102566,,,,198.72859595828643,Consumer Cyclical,"Furnishings, Fixtures & Appliances",United States,1372,2021-Q1
IRBT,iRobot Corporation,2021-04-01 00:00:00-04:00,2021,2,4,108.80000305175781,122.87000274658203,125.3499984741211,107.91999816894531,7547000,31367897,3412827289.3272247,3.412827289327225,,,,,,,,,-3.7449663,0.11184301,0.2102566,,,,78.47769797534438,Consumer Cyclical,"Furnishings, Fixtures & Appliances",United States,1372,2021-Q2
IRBT,iRobot Corporation,2021-05-01 00:00:00-04:00,2021,2,5,97.69999694824219,109.43000030517578,110.80999755859375,89.05000305175781,13616500,31367897,3064643441.1727753,3.0646434411727754,,,,,,,,,-3.7449663,0.11184301,0.2102566,,,,32.52847982971092,Consumer Cyclical,"Furnishings, Fixtures & Appliances",United States,1372,2021-Q2
IRBT,iRobot Corporation,2021-06-01 00:00:00-04:00,2021,2,6,93.38999938964844,98.7699966430664,106.6500015258789,90.87000274658203,12168900,31367897,2929447881.684555,2.929447881684555,,,,,,,,,-3.7449663,0.11184301,0.2102566,,,,11.311081872677132,Consumer Cyclical,"Furnishings, Fixtures & Appliances",United States,1372,2021-Q2
IRBT,iRobot Corporation,2021-07-01 00:00:00-04:00,2021,3,7,87.5,93.62999725341797,94.4800033569336,80.55999755859375,11123600,31367897,2744690987.5,2.7446909875,,,,,,,,,-3.7449663,0.11184301,0.2102566,,,,20.37418773033024,Consumer Cyclical,"Furnishings, Fixtures & Appliances",United States,1372,2021-Q3
IRBT,iRobot Corporation,2021-08-01 00:00:00-04:00,2021,3,8,81.12000274658203,87.70999908447266,90.91999816894531,79.1500015258789,9743500,31367897,2544563890.7945023,2.5445638907945023,,,,,,,,,-3.7449663,0.11184301,0.2102566,,,,9.57720395001267,Consumer Cyclical,"Furnishings, Fixtures & Appliances",United States,1372,2021-Q3
IRBT,iRobot Corporation,2021-09-01 00:00:00-04:00,2021,3,9,78.5,81.80000305175781,86.80999755859375,78.16999816894531,8097900,31367897,2462379914.5,2.4623799145,,,,,,,,,-3.7449663,0.11184301,0.2102566,,,,3.4255578680516763,Consumer Cyclical,"Furnishings, Fixtures & Appliances",United States,1372,2021-Q3
IRBT,iRobot Corporation,2021-10-01 00:00:00-04:00,2021,4,10,83.41999816894531,79.08999633789062,85.41999816894531,76.20999908447266,8893500,31367897,2616709910.303665,2.616709910303665,,,,,,,,,-3.7449663,0.11184301,0.2102566,,,,4.8253282854187285,Consumer Cyclical,"Furnishings, Fixtures & Appliances",United States,1372,2021-Q4
IRBT,iRobot Corporation,2021-11-01 00:00:00-04:00,2021,4,11,75.91000366210938,82.69999694824219,98.86000061035156,74.62000274658203,9127700,31367897,2381137176.1426697,2.3811371761426696,,,,,,,,,-3.7449663,0.11184301,0.2102566,,,,-3.213051935816591,Consumer Cyclical,"Furnishings, Fixtures & Appliances",United States,1372,2021-Q4
IRBT,iRobot Corporation,2021-12-01 00:00:00-05:00,2021,4,12,65.87999725341797,76.62999725341797,78.4000015258789,63.369998931884766,10759200,31367897,2066516968.2054977,2.0665169682054976,,,,,,,,,-3.7449663,0.11184301,0.2102566,,,,-17.947444884538065,Consumer Cyclical,"Furnishings, Fixtures & Appliances",United States,1372,2021-Q4
IRBT,iRobot Corporation,2022-01-01 00:00:00-05:00,2022,1,1,65.5199966430664,66.33999633789062,70.30000305175781,58.439998626708984,8405900,31367897,2055224506.1400528,2.055224506140053,,,,,,,,,-3.7449663,0.11184301,0.2102566,,,,-45.44546421690045,Consumer Cyclical,"Furnishings, Fixtures & Appliances",United States,1372,2022-Q1
IRBT,iRobot Corporation,2022-02-01 00:00:00-05:00,2022,1,2,62.15999984741211,65.97000122070312,73.7699966430664,53.099998474121094,11704400,31367897,1949828472.7336388,1.9498284727336388,,,,,,,,,-3.7449663,0.11184301,0.2102566,,,,-49.91539800038679,Consumer Cyclical,"Furnishings, Fixtures & Appliances",United States,1372,2022-Q1
IRBT,iRobot Corporation,2022-03-01 00:00:00-05:00,2022,1,3,63.400001525878906,61.83000183105469,69.55000305175781,53.13999938964844,10308200,31367897,1988724717.6636124,1.9887247176636125,,,,,,,,,-3.7449663,0.11184301,0.2102566,,,,-48.1093457460131,Consumer Cyclical,"Furnishings, Fixtures & Appliances",United States,1372,2022-Q1
IRBT,iRobot Corporation,2022-04-01 00:00:00-04:00,2022,2,4,50.650001525878906,63.880001068115234,65.61000061035156,48.36000061035156,8756300,31367897,1588784030.9136124,1.5887840309136123,,,,,,,,,-3.7449663,0.11184301,0.2102566,,,,-53.44669107979351,Consumer Cyclical,"Furnishings, Fixtures & Appliances",United States,1372,2022-Q2
IRBT,iRobot Corporation,2022-05-01 00:00:00-04:00,2022,2,5,47.59000015258789,50.470001220703125,56.45000076293945,42.349998474121094,11378600,31367897,1492798223.0163612,1.4927982230163612,,,,,,,,,-3.7449663,0.11184301,0.2102566,,,,-51.289660553623875,Consumer Cyclical,"Furnishings, Fixtures & Appliances",United States,1372,2022-Q2
IRBT,iRobot Corporation,2022-06-01 00:00:00-04:00,2022,2,6,36.75,47.88999938964844,48.130001068115234,35.40999984741211,8922800,31367897,1152770214.75,1.15277021475,,,,,,,,,-3.7449663,0.11184301,0.2102566,,,,-60.648891487118426,Consumer Cyclical,"Furnishings, Fixtures & Appliances",United States,1372,2022-Q2
IRBT,iRobot Corporation,2022-07-01 00:00:00-04:00,2022,3,7,46.0099983215332,37.130001068115234,46.29999923706055,36.349998474121094,6739800,31367897,1443236888.3200264,1.4432368883200264,,,,,,,,,-3.7449663,0.11184301,0.2102566,,,,-47.41714477539063,Consumer Cyclical,"Furnishings, Fixtures & Appliances",United States,1372,2022-Q3
IRBT,iRobot Corporation,2022-08-01 00:00:00-04:00,2022,3,8,58.880001068115234,45.90999984741211,60.25,44.54999923706055,42620800,31367897,1846941808.8645287,1.8469418088645286,,,,,,,,,-3.7449663,0.11184301,0.2102566,,,,-27.416174710871633,Consumer Cyclical,"Furnishings, Fixtures & Appliances",United States,1372,2022-Q3
IRBT,iRobot Corporation,2022-09-01 00:00:00-04:00,2022,3,9,56.33000183105469,58.849998474121094,59.09000015258789,56.25,21692100,31367897,1766953695.4463348,1.7669536954463347,,,,,,,,,-3.7449663,0.11184301,0.2102566,,,,-28.242035884006768,Consumer Cyclical,"Furnishings, Fixtures & Appliances",United States,1372,2022-Q3
IRBT,iRobot Corporation,2022-10-01 00:00:00-04:00,2022,4,10,56.5,56.47999954223633,56.849998474121094,55.349998474121094,8608600,31367897,1772286180.5,1.7722861805,,,,,,,,,-3.7449663,0.11184301,0.2102566,,,,-32.27043725705426,Consumer Cyclical,"Furnishings, Fixtures & Appliances",United States,1372,2022-Q4
IRBT,iRobot Corporation,2022-11-01 00:00:00-04:00,2022,4,11,52.09000015258789,56.7400016784668,56.7400016784668,50.959999084472656,8333400,31367897,1633953759.5163612,1.6339537595163611,,,,,,,,,-3.7449663,0.11184301,0.2102566,,,,-31.379268028426253,Consumer Cyclical,"Furnishings, Fixtures & Appliances",United States,1372,2022-Q4
IRBT,iRobot Corporation,2022-12-01 00:00:00-05:00,2022,4,12,48.130001068115234,52.119998931884766,53.25,47.06999969482422,8805700,31367897,1509736916.1145287,1.5097369161145286,,,,,,,,,-3.7449663,0.11184301,0.2102566,,,,-26.942921865986925,Consumer Cyclical,"Furnishings, Fixtures & Appliances",United States,1372,2022-Q4
IRBT,iRobot Corporation,2023-01-01 00:00:00-05:00,2023,1,1,45.0,48.220001220703125,48.810001373291016,44.97999954223633,6679300,31367897,1411555365.0,1.411555365,,,,,,,,,-3.7449663,0.11184301,0.2102566,,,,-31.318677799776594,Consumer Cyclical,"Furnishings, Fixtures & Appliances",United States,1372,2023-Q1
IRBT,iRobot Corporation,2023-02-01 00:00:00-05:00,2023,1,2,41.09000015258789,45.119998931884766,46.13999938964844,40.900001525878906,9623000,31367897,1288906892.5163612,1.2889068925163611,,,,,,,,,-3.7449663,0.11184301,0.2102566,,,,-33.89639598865188,Consumer Cyclical,"Furnishings, Fixtures & Appliances",United States,1372,2023-Q1
IRBT,iRobot Corporation,2023-03-01 00:00:00-05:00,2023,1,3,43.63999938964844,41.099998474121094,45.25,40.95000076293945,7978600,31367897,1368895005.934555,1.368895005934555,,,,,,,,,-3.7449663,0.11184301,0.2102566,,,,-31.1671950483546,Consumer Cyclical,"Furnishings, Fixtures & Appliances",United States,1372,2023-Q1
IRBT,iRobot Corporation,2023-04-01 00:00:00-04:00,2023,2,4,39.33000183105469,43.5,43.7400016784668,39.2400016784668,5950000,31367897,1233699446.4463348,1.233699446446335,,,,,,,,,-3.7449663,0.11184301,0.2102566,,,,-22.349455782425643,Consumer Cyclical,"Furnishings, Fixtures & Appliances",United States,1372,2023-Q2
IRBT,iRobot Corporation,2023-05-01 00:00:00-04:00,2023,2,5,35.45000076293945,39.2400016784668,39.380001068115234,31.3700008392334,11091900,31367897,1111991972.5818062,1.1119919725818062,,,,,,,,,-3.7449663,0.11184301,0.2102566,,,,-25.50955946779563,Consumer Cyclical,"Furnishings, Fixtures & Appliances",United States,1372,2023-Q2
IRBT,iRobot Corporation,2023-06-01 00:00:00-04:00,2023,2,6,45.25,35.560001373291016,51.20000076293945,35.5,16339800,31367897,1419397339.25,1.41939733925,,,,,,,,,-3.7449663,0.11184301,0.2102566,,,,23.129251700680275,Consumer Cyclical,"Furnishings, Fixtures & Appliances",United States,1372,2023-Q2
IRBT,iRobot Corporation,2023-07-01 00:00:00-04:00,2023,3,7,40.0,45.25,51.4900016784668,38.900001525878906,9120900,31367897,1254715880.0,1.25471588,,,,,,,,,-3.7449663,0.11184301,0.2102566,,,,-13.06237457244256,Consumer Cyclical,"Furnishings, Fixtures & Appliances",United States,1372,2023-Q3
IRBT,iRobot Corporation,2023-08-01 00:00:00-04:00,2023,3,8,38.88999938964844,39.7599983215332,40.16999816894531,36.599998474121094,5512600,31367897,1219897495.184555,1.2198974951845551,,,,,,,,,-3.7449663,0.11184301,0.2102566,,,,-33.95040984347367,Consumer Cyclical,"Furnishings, Fixtures & Appliances",United States,1372,2023-Q3
IRBT,iRobot Corporation,2023-09-01 00:00:00-04:00,2023,3,9,37.900001525878906,38.97999954223633,39.7400016784668,34.33000183105469,5696500,31367897,1188843344.1636124,1.1888433441636124,,,,,,,,,-3.7449663,0.11184301,0.2102566,,,,-32.71791178074369,Consumer Cyclical,"Furnishings, Fixtures & Appliances",United States,1372,2023-Q3
IRBT,iRobot Corporation,2023-10-01 00:00:00-04:00,2023,4,10,32.93000030517578,37.900001525878906,39.029998779296875,32.650001525878906,4984600,31367897,1032944857.7827225,1.0329448577827225,,,,,,,,,-3.7449663,0.11184301,0.2102566,,,,-41.71681361915791,Consumer Cyclical,"Furnishings, Fixtures & Appliances",United States,1372,2023-Q4
IRBT,iRobot Corporation,2023-11-01 00:00:00-04:00,2023,4,11,36.11000061035156,32.84000015258789,42.13999938964844,28.229999542236328,23815300,31367897,1132694779.815445,1.132694779815445,,,,,,,,,-3.7449663,0.11184301,0.2102566,,,,-30.677672289164747,Consumer Cyclical,"Furnishings, Fixtures & Appliances",United States,1372,2023-Q4
IRBT,iRobot Corporation,2023-12-01 00:00:00-05:00,2023,4,12,38.70000076293945,36.09000015258789,39.9900016784668,35.599998474121094,9685300,31367897,1213937637.8318062,1.213937637831806,,,,,,,,,-3.7449663,0.11184301,0.2102566,,,,-19.592769781638108,Consumer Cyclical,"Furnishings, Fixtures & Appliances",United States,1372,2023-Q4
IRBT,iRobot Corporation,2024-01-01 00:00:00-05:00,2024,1,1,13.600000381469727,38.5,38.869998931884766,13.5,92434000,31367897,426603411.1659031,0.4266034111659031,,,,,,,,,-3.7449663,0.11184301,0.2102566,,,,-69.77777693006728,Consumer Cyclical,"Furnishings, Fixtures & Appliances",United States,1372,2024-Q1
IRBT,iRobot Corporation,2024-02-01 00:00:00-05:00,2024,1,2,11.40999984741211,13.670000076293945,14.1899995803833,10.0,48272000,31367897,357907699.98363876,0.35790769998363875,,,,,,,,,-3.7449663,0.11184301,0.2102566,,,,-72.23168701620583,Consumer Cyclical,"Furnishings, Fixtures & Appliances",United States,1372,2024-Q1
IRBT,iRobot Corporation,2024-03-01 00:00:00-05:00,2024,1,3,8.760000228881836,11.279999732971191,11.470000267028809,7.820000171661377,42782800,31367897,274782784.89954185,0.27478278489954183,,,,,,,,,-3.7449663,0.11184301,0.2102566,,,,-79.92667197204466,Consumer Cyclical,"Furnishings, Fixtures & Appliances",United States,1372,2024-Q1
IRBT,iRobot Corporation,2024-04-01 00:00:00-04:00,2024,2,4,8.5600004196167,8.800000190734863,10.760000228881836,6.480000019073486,48249700,31367897,268509211.4824934,0.2685092114824934,166361000.0,166.361,27466000.0,-70646000.0,-52838000.0,-59215000.0,0.4035038432723015,,-3.7449663,0.11184301,0.2102566,,,,-78.23544362803008,Consumer Cyclical,"Furnishings, Fixtures & Appliances",United States,1372,2024-Q2
IRBT,iRobot Corporation,2024-05-01 00:00:00-04:00,2024,2,5,9.609999656677246,8.5,14.510000228881836,8.350000381469727,43527000,31367897,301445479.4006872,0.3014454794006872,166361000.0,166.361,27466000.0,-70646000.0,-52838000.0,-59215000.0,0.45299901930243147,,-3.7449663,0.11184301,0.2102566,,0.0,,-72.89139788475309,Consumer Cyclical,"Furnishings, Fixtures & Appliances",United States,1372,2024-Q2
IRBT,iRobot Corporation,2024-06-01 00:00:00-04:00,2024,2,6,9.109999656677246,9.859999656677246,10.579999923706055,8.199999809265137,22149600,31367897,285761530.9006872,0.28576153090068723,166361000.0,166.361,27466000.0,-70646000.0,-52838000.0,-59215000.0,0.4294298707339569,,-3.7449663,0.11184301,0.2102566,,0.0,,-79.86740407364145,Consumer Cyclical,"Furnishings, Fixtures & Appliances",United States,1372,2024-Q2
IRBT,iRobot Corporation,2024-07-01 00:00:00-04:00,2024,3,7,11.789999961853027,9.050000190734863,13.449999809265137,8.359999656677246,22607000,31367897,369827504.4334097,0.36982750443340967,193435000.0,193.435,62377000.0,-6371000.0,9179000.0,5875000.0,0.47797387292037335,,-3.7449663,0.11184301,0.2102566,,16.274246968941043,,-70.52500009536743,Consumer Cyclical,"Furnishings, Fixtures & Appliances",United States,1372,2024-Q3
IRBT,iRobot Corporation,2024-08-01 00:00:00-04:00,2024,3,8,7.320000171661377,11.8100004196167,11.899999618530273,7.170000076293945,27152900,31367897,229613011.4246564,0.2296130114246564,193435000.0,193.435,62377000.0,-6371000.0,9179000.0,5875000.0,0.29675732342215266,,-3.7449663,0.11184301,0.2102566,,0.0,16.274246968941043,-81.17767990089045,Consumer Cyclical,"Furnishings, Fixtures & Appliances",United States,1372,2024-Q3
IRBT,iRobot Corporation,2024-09-01 00:00:00-04:00,2024,3,9,8.6899995803833,7.269999980926514,8.899999618530273,5.829999923706055,18450600,31367897,272587011.7675066,0.2725870117675066,193435000.0,193.435,62377000.0,-6371000.0,9179000.0,5875000.0,0.3522979447456595,,-3.7449663,0.11184301,0.2102566,,0.0,16.274246968941043,-77.07124213583583,Consumer Cyclical,"Furnishings, Fixtures & Appliances",United States,1372,2024-Q3
IRBT,iRobot Corporation,2024-10-01 00:00:00-04:00,2024,4,10,8.729999542236328,8.6899995803833,8.920000076293945,7.690000057220459,14026800,31367897,273841726.4509163,0.2738417264509163,172038000.0,172.038,16411000.0,-77108000.0,-56619000.0,-68711000.0,0.3979378486888308,,-3.7449663,0.11184301,0.2102566,,-11.061596918861639,3.412458448795097,-73.48922119243288,Consumer Cyclical,"Furnishings, Fixtures & Appliances",United States,1372,2024-Q4
IRBT,iRobot Corporation,2024-11-01 00:00:00-04:00,2024,4,11,7.610000133514404,8.869999885559082,10.600000381469727,6.070000171661377,33435600,31367897,238709700.35806608,0.23870970035806607,172038000.0,172.038,16411000.0,-77108000.0,-56619000.0,-68711000.0,0.3468851363624113,,-3.7449663,0.11184301,0.2102566,,0.0,-11.061596918861639,-78.92550538663556,Consumer Cyclical,"Furnishings, Fixtures & Appliances",United States,1372,2024-Q4
IRBT,iRobot Corporation,2024-12-01 00:00:00-05:00,2024,4,12,7.75,7.650000095367432,9.489999771118164,7.179999828338623,21391200,31367897,243101201.75,0.24310120175,172038000.0,172.038,16411000.0,-77108000.0,-56619000.0,-68711000.0,0.35326672268626697,,-3.7449663,0.11184301,0.2102566,,0.0,-11.061596918861639,-79.9741606015117,Consumer Cyclical,"Furnishings, Fixtures & Appliances",United States,1372,2024-Q4
IRBT,iRobot Corporation,2025-01-01 00:00:00-05:00,2025,1,1,7.690000057220459,7.880000114440918,13.0600004196167,7.449999809265137,49870700,31367897,241219129.72488546,0.24121912972488546,101569000.0,101.569,20313000.0,-87273000.0,-39576000.0,-79162000.0,0.5937321666179776,,-3.7449663,0.11184301,0.2102566,,-40.961299247840586,-47.491922351177394,-43.45588351822226,Consumer Cyclical,"Furnishings, Fixtures & Appliances",United States,1372,2025-Q1
IRBT,iRobot Corporation,2025-02-01 00:00:00-05:00,2025,1,2,7.269999980926514,7.389999866485596,10.729999542236328,7.150000095367432,39501500,31367897,228044610.59170485,0.22804461059170483,101569000.0,101.569,20313000.0,-87273000.0,-39576000.0,-79162000.0,0.5613046564200318,,-3.7449663,0.11184301,0.2102566,,0.0,-40.961299247840586,-36.28396075241478,Consumer Cyclical,"Furnishings, Fixtures & Appliances",United States,1372,2025-Q1
IRBT,iRobot Corporation,2025-03-01 00:00:00-05:00,2025,1,3,2.700000047683716,7.409999847412109,7.420000076293945,2.5999999046325684,64584300,31367897,84693323.39573789,0.08469332339573789,101569000.0,101.569,20313000.0,-87273000.0,-39576000.0,-79162000.0,0.2084625313721162,,-3.7449663,0.11184301,0.2102566,,0.0,-40.961299247840586,-69.17808245276318,Consumer Cyclical,"Furnishings, Fixtures & Appliances",United States,1372,2025-Q1
IRBT,iRobot Corporation,2025-04-01 00:00:00-04:00,2025,2,4,2.450000047683716,2.690000057220459,2.690000057220459,1.7599999904632568,33800700,31367897,76851349.14573789,0.0768513491457379,127558000.0,127.558,38299000.0,-22808000.0,-35684000.0,-16470000.0,0.15062040237722818,,-3.7449663,0.11184301,0.2102566,,25.587531628744987,-25.8547530196817,-71.37850551888849,Consumer Cyclical,"Furnishings, Fixtures & Appliances",United States,1372,2025-Q2
IRBT,iRobot Corporation,2025-05-01 00:00:00-04:00,2025,2,5,3.069999933242798,2.490000009536743,4.300000190734863,2.140000104904175,62494700,31367897,96299441.69596696,0.09629944169596696,127558000.0,127.558,38299000.0,-22808000.0,-35684000.0,-16470000.0,0.18873657805854388,,-3.7449663,0.11184301,0.2102566,,0.0,25.587531628744987,-68.05410985514769,Consumer Cyclical,"Furnishings, Fixtures & Appliances",United States,1372,2025-Q2
IRBT,iRobot Corporation,2025-06-01 00:00:00-04:00,2025,2,6,3.130000114440918,3.059999942779541,4.360000133514404,2.880000114440918,51121400,31367897,98181521.19977093,0.09818152119977093,127558000.0,127.558,38299000.0,-22808000.0,-35684000.0,-16470000.0,0.19242525204175928,,-3.7449663,0.11184301,0.2102566,,0.0,25.587531628744987,-65.64214893085358,Consumer Cyclical,"Furnishings, Fixtures & Appliances",United States,1372,2025-Q2
IRBT,iRobot Corporation,2025-07-01 00:00:00-04:00,2025,3,7,4.210000038146973,3.1500000953674316,5.519999980926514,3.049999952316284,55716400,31367897,132058847.56659031,0.1320588475665903,,,,,,,,,-3.7449663,0.11184301,0.2102566,,0.0,25.587531628744987,-64.29177224963037,Consumer Cyclical,"Furnishings, Fixtures & Appliances",United States,1372,2025-Q3
IRBT,iRobot Corporation,2025-08-01 00:00:00-04:00,2025,3,8,3.390000104904175,4.0,4.579999923706055,3.119999885559082,27008900,31367897,106337174.12062335,0.10633717412062335,,,,,,,,,-3.7449663,0.11184301,0.2102566,,0.0,0.0,-53.68852424309757,Consumer Cyclical,"Furnishings, Fixtures & Appliances",United States,1372,2025-Q3
IRBT,iRobot Corporation,2025-09-01 00:00:00-04:00,2025,3,9,3.5899999141693115,3.359999895095825,4.539999961853027,3.0399999618530273,28959900,31367897,112610747.5376718,0.11261074753767181,,,,,,,,,-3.7449663,0.11184301,0.2102566,,0.0,0.0,-58.68814628859897,Consumer Cyclical,"Furnishings, Fixtures & Appliances",United States,1372,2025-Q3
IRBT,iRobot Corporation,2025-10-01 00:00:00-04:00,2025,4,10,5.579999923706055,3.5999999046325684,6.099999904632568,3.559999942779541,91252846,31367897,175032862.86681938,0.17503286286681938,,,,,,,,,-3.7449663,0.11184301,0.2102566,,0.0,0.0,-36.082471749172065,Consumer Cyclical,"Furnishings, Fixtures & Appliances",United States,1372,2025-Q4
