ticker,company_name,date,year,quarter,month,close_price,open_price,high_price,low_price,volume,shares_outstanding,market_cap,market_cap_billions,revenue,revenue_millions,gross_profit,net_income,operating_income,ebitda,ps_ratio,current_pe,forward_pe,current_ps,current_pb,peg_ratio,revenue_qoq_pct,revenue_yoy_pct,market_cap_yoy_pct,sector,industry,country,employees,year_quarter
IRM,Iron Mountain Incorporated,2015-01-01 00:00:00-05:00,2015,1,1,21.600879669189453,21.11833023023823,22.294883170755835,20.923141228349287,28561400,295348225,6379781468.733692,6.379781468733692,,,,,,,,751.6429,53.688778,4.823676,-40.48865,,,,,Real Estate,REIT - Specialty,United States,28850,2015-Q1
IRM,Iron Mountain Incorporated,2015-02-01 00:00:00-05:00,2015,1,2,19.92551040649414,21.60630093319389,22.517181574382825,19.432116898207934,26821700,295348225,5884964130.777073,5.884964130777073,,,,,,,,751.6429,53.688778,4.823676,-40.48865,,,,,Real Estate,REIT - Specialty,United States,28850,2015-Q1
IRM,Iron Mountain Incorporated,2015-03-01 00:00:00-05:00,2015,1,3,19.77911949157715,19.882134995636065,21.096643258127457,19.30199102399549,35103600,295348225,5841727833.900213,5.841727833900213,,,,,,,,751.6429,53.688778,4.823676,-40.48865,,,,,Real Estate,REIT - Specialty,United States,28850,2015-Q1
IRM,Iron Mountain Incorporated,2015-04-01 00:00:00-04:00,2015,2,4,18.940778732299805,20.0446039456289,21.137447657848178,18.83094486704104,34440500,295348225,5594125378.7024975,5.594125378702498,,,,,,,,751.6429,53.688778,4.823676,-40.48865,,,,,Real Estate,REIT - Specialty,United States,28850,2015-Q2
IRM,Iron Mountain Incorporated,2015-05-01 00:00:00-04:00,2015,2,5,20.028135299682617,18.946274875549037,20.720085286421703,18.605791681750905,33009800,295348225,5915274210.821104,5.915274210821104,,,,,,,,751.6429,53.688778,4.823676,-40.48865,,,,,Real Estate,REIT - Specialty,United States,28850,2015-Q2
IRM,Iron Mountain Incorporated,2015-06-01 00:00:00-04:00,2015,2,6,17.024188995361328,20.03911887146035,20.33017691617199,16.99673104499544,47480600,295348225,5028064001.8445015,5.028064001844501,,,,,,,,751.6429,53.688778,4.823676,-40.48865,,,,,Real Estate,REIT - Specialty,United States,28850,2015-Q2
IRM,Iron Mountain Incorporated,2015-07-01 00:00:00-04:00,2015,3,7,16.751522064208984,17.2532324070162,17.97792347044282,15.798274539397303,32217400,295348225,4947532307.71246,4.94753230771246,,,,,,,,751.6429,53.688778,4.823676,-40.48865,,,,,Real Estate,REIT - Specialty,United States,28850,2015-Q3
IRM,Iron Mountain Incorporated,2015-08-01 00:00:00-04:00,2015,3,8,15.798273086547852,16.773819231664373,17.069270732673594,14.766981234772489,34180100,295348225,4665991914.177179,4.665991914177179,,,,,,,,751.6429,53.688778,4.823676,-40.48865,,,,,Real Estate,REIT - Specialty,United States,28850,2015-Q3
IRM,Iron Mountain Incorporated,2015-09-01 00:00:00-04:00,2015,3,9,17.292251586914062,15.452649743454199,17.320123907147646,15.268689665434298,33329900,295348225,5107235812.448502,5.1072358124485016,,,,,,,,751.6429,53.688778,4.823676,-40.48865,,,,,Real Estate,REIT - Specialty,United States,28850,2015-Q3
IRM,Iron Mountain Incorporated,2015-10-01 00:00:00-04:00,2015,4,10,17.370330810546875,17.614105213233803,18.339758042097586,16.950812498533,45646700,295348225,5130296372.557831,5.130296372557831,,,,,,,,751.6429,53.688778,4.823676,-40.48865,,,,,Real Estate,REIT - Specialty,United States,28850,2015-Q4
IRM,Iron Mountain Incorporated,2015-11-01 00:00:00-04:00,2015,4,11,15.748954772949219,17.381675269995466,18.277405175085757,15.720608273941592,26043600,295348225,4651425837.79583,4.65142583779583,,,,,,,,751.6429,53.688778,4.823676,-40.48865,,,,,Real Estate,REIT - Specialty,United States,28850,2015-Q4
IRM,Iron Mountain Incorporated,2015-12-01 00:00:00-05:00,2015,4,12,15.578373908996582,16.1320660438903,16.34546890843589,14.990075190605642,28824600,295348225,4601045082.408452,4.601045082408452,,,,,,,,751.6429,53.688778,4.823676,-40.48865,,,,,Real Estate,REIT - Specialty,United States,28850,2015-Q4
IRM,Iron Mountain Incorporated,2016-01-01 00:00:00-05:00,2016,1,1,15.884055137634277,15.457249506844288,15.947498325923412,13.634678332458082,24863200,295348225,4691327490.7024145,4.691327490702415,,,,,,,,751.6429,53.688778,4.823676,-40.48865,,,,-26.46570241169115,Real Estate,REIT - Specialty,United States,28850,2016-Q1
IRM,Iron Mountain Incorporated,2016-02-01 00:00:00-05:00,2016,1,2,16.945301055908203,15.711028252882485,17.30289469701883,15.041983079271498,29231400,295348225,5004764588.953114,5.004764588953114,,,,,,,,751.6429,53.688778,4.823676,-40.48865,,,,-14.956752875021085,Real Estate,REIT - Specialty,United States,28850,2016-Q1
IRM,Iron Mountain Incorporated,2016-03-01 00:00:00-05:00,2016,1,3,19.558032989501953,17.026043804217714,19.696457075792466,16.81840877487005,27700800,295348225,5776430327.9408455,5.7764303279408455,,,,,,,,751.6429,53.688778,4.823676,-40.48865,,,,-1.1177772709717648,Real Estate,REIT - Specialty,United States,28850,2016-Q1
IRM,Iron Mountain Incorporated,2016-04-01 00:00:00-04:00,2016,2,4,21.415491104125977,19.49847309005985,21.468253149883513,18.830155334693227,51360900,295348225,6325027285.106897,6.325027285106898,,,,,,,,751.6429,53.688778,4.823676,-40.48865,,,,13.065526010322026,Real Estate,REIT - Specialty,United States,28850,2016-Q2
IRM,Iron Mountain Incorporated,2016-05-01 00:00:00-04:00,2016,2,5,21.538597106933594,21.902067618379483,22.65245892880777,20.93476450275223,68609100,295348225,6361386424.522972,6.361386424522972,,,,,,,,751.6429,53.688778,4.823676,-40.48865,,,,7.541699637284327,Real Estate,REIT - Specialty,United States,28850,2016-Q2
IRM,Iron Mountain Incorporated,2016-06-01 00:00:00-04:00,2016,2,6,23.350095748901367,21.42721422478621,23.355957203945202,21.16340402095332,44689300,295348225,6896409333.0180645,6.896409333018065,,,,,,,,751.6429,53.688778,4.823676,-40.48865,,,,37.15834425512836,Real Estate,REIT - Specialty,United States,28850,2016-Q2
IRM,Iron Mountain Incorporated,2016-07-01 00:00:00-04:00,2016,3,7,24.483095169067383,23.716698277907533,24.61973920708037,23.306766163868566,31360500,295348225,7231038700.690126,7.231038700690126,,,,,,,,751.6429,53.688778,4.823676,-40.48865,,,,46.1544513699895,Real Estate,REIT - Specialty,United States,28850,2016-Q3
IRM,Iron Mountain Incorporated,2016-08-01 00:00:00-04:00,2016,3,8,22.819604873657227,24.494983135447516,24.655391981746657,21.613570762186583,42400300,295348225,6739729794.636011,6.739729794636011,,,,,,,,751.6429,53.688778,4.823676,-40.48865,,,,44.443666397234296,Real Estate,REIT - Specialty,United States,28850,2016-Q3
IRM,Iron Mountain Incorporated,2016-09-01 00:00:00-04:00,2016,3,9,22.296789169311523,22.86119011284768,23.615704724431055,21.043225612520786,37394000,295348225,6585317104.355383,6.585317104355383,,,,,,,,751.6429,53.688778,4.823676,-40.48865,,,,28.94092511460249,Real Estate,REIT - Specialty,United States,28850,2016-Q3
IRM,Iron Mountain Incorporated,2016-10-01 00:00:00-04:00,2016,4,10,20.287532806396484,22.5610830668137,22.5610830668137,19.57779977266682,33105300,295348225,5991886803.99847,5.9918868039984705,,,,,,,,751.6429,53.688778,4.823676,-40.48865,,,,16.794164876113648,Real Estate,REIT - Specialty,United States,28850,2016-Q4
IRM,Iron Mountain Incorporated,2016-11-01 00:00:00-04:00,2016,4,11,19.84846305847168,20.02288949661615,20.840887129163477,18.495158759030428,35952600,295348225,5862208333.297682,5.862208333297682,,,,,,,,751.6429,53.688778,4.823676,-40.48865,,,,26.030351503478034,Real Estate,REIT - Specialty,United States,28850,2016-Q4
IRM,Iron Mountain Incorporated,2016-12-01 00:00:00-05:00,2016,4,12,19.53569793701172,19.84244817780754,21.099517520316965,18.880097135522682,34253100,295348225,5769833709.832573,5.769833709832573,,,,,,,,751.6429,53.688778,4.823676,-40.48865,,,,25.40267714160953,Real Estate,REIT - Specialty,United States,28850,2016-Q4
IRM,Iron Mountain Incorporated,2017-01-01 00:00:00-05:00,2017,1,1,21.885149002075195,20.057312405454766,22.178580893880802,19.727200652677443,27527300,295348225,6463739911.62343,6.46373991162343,,,,,,,,751.6429,53.688778,4.823676,-40.48865,,,,37.78061592233117,Real Estate,REIT - Specialty,United States,28850,2017-Q1
IRM,Iron Mountain Incorporated,2017-02-01 00:00:00-05:00,2017,1,2,22.22136878967285,21.87903281186841,23.07721339816185,21.579486499300575,28393700,295348225,6563041829.100275,6.563041829100275,,,,,,,,751.6429,53.688778,4.823676,-40.48865,,,,31.135874873849346,Real Estate,REIT - Specialty,United States,28850,2017-Q1
IRM,Iron Mountain Incorporated,2017-03-01 00:00:00-05:00,2017,1,3,21.80567169189453,22.306953672065585,22.361972283792362,20.436323205344056,30569000,295348225,6440266429.133797,6.440266429133796,,,,,,,,751.6429,53.688778,4.823676,-40.48865,,,,11.492151095148628,Real Estate,REIT - Specialty,United States,28850,2017-Q1
IRM,Iron Mountain Incorporated,2017-04-01 00:00:00-04:00,2017,2,4,21.596277236938477,22.08710231211101,22.801594630149985,21.478231689896464,22150000,295348225,6378422148.5376835,6.378422148537683,,,,,,,,751.6429,53.688778,4.823676,-40.48865,,,,0.8441839224395231,Real Estate,REIT - Specialty,United States,28850,2017-Q2
IRM,Iron Mountain Incorporated,2017-05-01 00:00:00-04:00,2017,2,5,21.695688247680664,21.714328767727924,22.17408718119116,21.310484804227183,24119200,295348225,6407783014.1058445,6.407783014105845,,,,,,,,751.6429,53.688778,4.823676,-40.48865,,,,0.7293471342035618,Real Estate,REIT - Specialty,United States,28850,2017-Q2
IRM,Iron Mountain Incorporated,2017-06-01 00:00:00-04:00,2017,2,6,21.34776496887207,21.73918273643202,22.17408873365427,20.21079033883695,27849000,295348225,6305024491.273546,6.305024491273546,,,,,,,,751.6429,53.688778,4.823676,-40.48865,,,,-8.575257256165669,Real Estate,REIT - Specialty,United States,28850,2017-Q2
IRM,Iron Mountain Incorporated,2017-07-01 00:00:00-04:00,2017,3,7,23.002687454223633,21.878757856472618,23.185800283359857,20.786396446070782,19229200,295348225,6793802909.834719,6.793802909834719,,,,,,,,751.6429,53.688778,4.823676,-40.48865,,,,-6.046652617329762,Real Estate,REIT - Specialty,United States,28850,2017-Q3
IRM,Iron Mountain Incorporated,2017-08-01 00:00:00-04:00,2017,3,8,24.890647888183594,22.96481174928928,25.09270509387766,22.96481174928928,27819100,295348225,7351408672.875023,7.3514086728750225,,,,,,,,751.6429,53.688778,4.823676,-40.48865,,,,9.075718120418298,Real Estate,REIT - Specialty,United States,28850,2017-Q3
IRM,Iron Mountain Incorporated,2017-09-01 00:00:00-04:00,2017,3,9,24.562305450439453,24.903271342795943,25.66097787554429,23.968767502256622,26705500,295348225,7254433316.695118,7.254433316695118,,,,,,,,751.6429,53.688778,4.823676,-40.48865,,,,10.160728811330832,Real Estate,REIT - Specialty,United States,28850,2017-Q3
IRM,Iron Mountain Incorporated,2017-10-01 00:00:00-04:00,2017,4,10,25.611597061157227,24.86245901952425,26.360735102790205,24.01727406939481,26482500,295348225,7564339731.428003,7.564339731428003,,,,,,,,751.6429,53.688778,4.823676,-40.48865,,,,26.24303460439561,Real Estate,REIT - Specialty,United States,28850,2017-Q4
IRM,Iron Mountain Incorporated,2017-11-01 00:00:00-04:00,2017,4,11,26.168649673461914,25.726850485563464,26.591240944390275,25.329871398936785,23385600,295348225,7728864231.703806,7.728864231703806,,,,,,,,751.6429,53.688778,4.823676,-40.48865,,,,31.842196528625742,Real Estate,REIT - Specialty,United States,28850,2017-Q4
IRM,Iron Mountain Incorporated,2017-12-01 00:00:00-05:00,2017,4,12,24.158143997192383,26.18146051643671,26.335131207619156,23.645912430772196,48557900,295348225,7135064948.865175,7.135064948865176,,,,,,,,751.6429,53.688778,4.823676,-40.48865,,,,23.661535283175738,Real Estate,REIT - Specialty,United States,28850,2017-Q4
IRM,Iron Mountain Incorporated,2018-01-01 00:00:00-05:00,2018,1,1,22.77869987487793,24.57992771614078,24.670964090408443,21.82931699957922,40304700,295348225,6727648575.852919,6.7276485758529185,,,,,,,,751.6429,53.688778,4.823676,-40.48865,,,,4.082909706111693,Real Estate,REIT - Specialty,United States,28850,2018-Q1
IRM,Iron Mountain Incorporated,2018-02-01 00:00:00-05:00,2018,1,2,20.457263946533203,22.720177844851793,22.9217601748504,20.125631060979718,45249200,295348225,6042016594.965076,6.042016594965077,,,,,,,,751.6429,53.688778,4.823676,-40.48865,,,,-7.9387766785973035,Real Estate,REIT - Specialty,United States,28850,2018-Q1
IRM,Iron Mountain Incorporated,2018-03-01 00:00:00-05:00,2018,1,3,21.367631912231445,20.392237899053907,21.705768801132955,20.015085596903027,42294900,295348225,6310892157.730913,6.310892157730913,,,,,,,,751.6429,53.688778,4.823676,-40.48865,,,,-2.008834150364247,Real Estate,REIT - Specialty,United States,28850,2018-Q1
IRM,Iron Mountain Incorporated,2018-04-01 00:00:00-04:00,2018,2,4,22.46759796142578,21.75927963688583,23.017042516579913,21.28265580347533,30489500,295348225,6635765177.920723,6.635765177920723,,,,,,,,751.6429,53.688778,4.823676,-40.48865,,,,4.034587604742312,Real Estate,REIT - Specialty,United States,28850,2018-Q2
IRM,Iron Mountain Incorporated,2018-05-01 00:00:00-04:00,2018,2,5,22.037309646606445,22.48745614323679,22.98394102699796,21.097298216180242,30682900,295348225,6508680287.900591,6.5086802879005905,,,,,,,,751.6429,53.688778,4.823676,-40.48865,,,,1.574605032234011,Real Estate,REIT - Specialty,United States,28850,2018-Q2
IRM,Iron Mountain Incorporated,2018-06-01 00:00:00-04:00,2018,2,6,23.17591667175293,22.077030068405595,23.41422985505167,21.885057804306566,37313900,295348225,6844965851.750135,6.8449658517501355,,,,,,,,751.6429,53.688778,4.823676,-40.48865,,,,8.563667932200648,Real Estate,REIT - Specialty,United States,28850,2018-Q2
IRM,Iron Mountain Incorporated,2018-07-01 00:00:00-04:00,2018,3,7,23.643449783325195,23.502034154673524,24.882525558111602,22.22928579023469,42790300,295348225,6983050926.381731,6.983050926381731,,,,,,,,751.6429,53.688778,4.823676,-40.48865,,,,2.785597684517116,Real Estate,REIT - Specialty,United States,28850,2018-Q3
IRM,Iron Mountain Incorporated,2018-08-01 00:00:00-04:00,2018,3,8,24.31012535095215,23.468361972195385,24.781513356827528,22.895963902183972,30344400,295348225,7179952371.931219,7.179952371931219,,,,,,,,751.6429,53.688778,4.823676,-40.48865,,,,-2.3322917902311335,Real Estate,REIT - Specialty,United States,28850,2018-Q3
IRM,Iron Mountain Incorporated,2018-09-01 00:00:00-04:00,2018,3,9,23.246139526367188,24.323595704761544,24.774782245554167,22.815157055009443,30437200,295348225,6865706047.21489,6.865706047214889,,,,,,,,751.6429,53.688778,4.823676,-40.48865,,,,-5.3584787744292095,Real Estate,REIT - Specialty,United States,28850,2018-Q3
IRM,Iron Mountain Incorporated,2018-10-01 00:00:00-04:00,2018,4,10,20.95212173461914,23.696910081992424,23.90225540737147,20.685171244961893,55247000,295348225,6188171964.303684,6.1881719643036845,,,,,,,,751.6429,53.688778,4.823676,-40.48865,,,,-18.192833954914455,Real Estate,REIT - Specialty,United States,28850,2018-Q4
IRM,Iron Mountain Incorporated,2018-11-01 00:00:00-04:00,2018,4,11,23.251989364624023,21.034253660712423,23.34097066121764,20.876822200077438,35595900,295348225,6867433786.560583,6.867433786560583,,,,,,,,751.6429,53.688778,4.823676,-40.48865,,,,-11.145627860942808,Real Estate,REIT - Specialty,United States,28850,2018-Q4
IRM,Iron Mountain Incorporated,2018-12-01 00:00:00-05:00,2018,4,12,22.18419647216797,23.36835722262832,24.08022345989815,20.917896807578888,41470100,295348225,6552063051.106071,6.552063051106072,,,,,,,,751.6429,53.688778,4.823676,-40.48865,,,,-8.170940305901908,Real Estate,REIT - Specialty,United States,28850,2018-Q4
IRM,Iron Mountain Incorporated,2019-01-01 00:00:00-05:00,2019,1,1,25.91594886779785,22.293288891427462,25.936847975712084,22.000689421576133,35788000,295348225,7654229497.294855,7.654229497294855,,,,,,,,751.6429,53.688778,4.823676,-40.48865,,,,13.772730709621928,Real Estate,REIT - Specialty,United States,28850,2019-Q1
IRM,Iron Mountain Incorporated,2019-02-01 00:00:00-05:00,2019,1,2,24.675884246826172,25.950783052274925,25.999549411848314,24.11855252486795,49674000,295348225,7287978612.605572,7.2879786126055714,,,,,,,,751.6429,53.688778,4.823676,-40.48865,,,,20.621625214978366,Real Estate,REIT - Specialty,United States,28850,2019-Q1
IRM,Iron Mountain Incorporated,2019-03-01 00:00:00-05:00,2019,1,3,24.703752517700195,24.73161976934098,25.0799524421486,23.749321738326188,46756100,295348225,7296209456.942034,7.296209456942034,,,,,,,,751.6429,53.688778,4.823676,-40.48865,,,,15.61296366004441,Real Estate,REIT - Specialty,United States,28850,2019-Q1
IRM,Iron Mountain Incorporated,2019-04-01 00:00:00-04:00,2019,2,4,23.02659034729004,25.146342341074217,25.98289973084963,22.657937709048564,50372900,295348225,6800862586.874247,6.8008625868742465,,,,,,,,751.6429,53.688778,4.823676,-40.48865,,,,2.487993539959099,Real Estate,REIT - Specialty,United States,28850,2019-Q2
IRM,Iron Mountain Incorporated,2019-05-01 00:00:00-04:00,2019,2,5,21.729215621948242,23.00532046610537,23.05494651769548,21.679589570358132,53811100,295348225,6417685264.584684,6.4176852645846845,,,,,,,,751.6429,53.688778,4.823676,-40.48865,,,,-1.3980564306571241,Real Estate,REIT - Specialty,United States,28850,2019-Q2
IRM,Iron Mountain Incorporated,2019-06-01 00:00:00-04:00,2019,2,6,22.190031051635742,21.800110909583506,23.381061717683423,21.325116569009932,65974200,295348225,6553786283.7955,6.5537862837955,,,,,,,,751.6429,53.688778,4.823676,-40.48865,,,,-4.253922872094185,Real Estate,REIT - Specialty,United States,28850,2019-Q2
IRM,Iron Mountain Incorporated,2019-07-01 00:00:00-04:00,2019,3,7,21.254947662353516,22.83045914249054,23.184589033150623,21.16099576257181,64632900,295348225,6277611064.54401,6.27761106454401,,,,,,,,751.6429,53.688778,4.823676,-40.48865,,,,-10.1021726645669,Real Estate,REIT - Specialty,United States,28850,2019-Q3
IRM,Iron Mountain Incorporated,2019-08-01 00:00:00-04:00,2019,3,8,23.018362045288086,21.74638961254168,23.307446375807082,21.65966362415457,48826000,295348225,6798432372.483206,6.798432372483206,,,,,,,,751.6429,53.688778,4.823676,-40.48865,,,,-5.313684265365037,Real Estate,REIT - Specialty,United States,28850,2019-Q3
IRM,Iron Mountain Incorporated,2019-09-01 00:00:00-04:00,2019,3,9,23.40862464904785,22.97499885913225,24.810686699831,22.447418425399473,55130500,295348225,6913695739.787531,6.9136957397875305,,,,,,,,751.6429,53.688778,4.823676,-40.48865,,,,0.6989768021325116,Real Estate,REIT - Specialty,United States,28850,2019-Q3
IRM,Iron Mountain Incorporated,2019-10-01 00:00:00-04:00,2019,4,10,24.136913299560547,23.717461057646986,25.34375854346379,23.275931864839116,45671700,295348225,7128794500.004101,7.1287945000041,,,,,,,,751.6429,53.688778,4.823676,-40.48865,,,,15.200329614729103,Real Estate,REIT - Specialty,United States,28850,2019-Q4
IRM,Iron Mountain Incorporated,2019-11-01 00:00:00-04:00,2019,4,11,23.636510848999023,24.136910448161366,25.29960446008707,23.327441994486048,46060100,295348225,6981001524.445105,6.981001524445104,,,,,,,,751.6429,53.688778,4.823676,-40.48865,,,,1.6537143482441952,Real Estate,REIT - Specialty,United States,28850,2019-Q4
IRM,Iron Mountain Incorporated,2019-12-01 00:00:00-05:00,2019,4,12,23.452547073364258,23.621798099938623,24.453345089115356,22.99629986643772,46868200,295348225,6926668149.847078,6.926668149847078,,,,,,,,751.6429,53.688778,4.823676,-40.48865,,,,5.717361017729661,Real Estate,REIT - Specialty,United States,28850,2019-Q4
IRM,Iron Mountain Incorporated,2020-01-01 00:00:00-05:00,2020,1,1,23.70961570739746,23.927134369424692,24.08464916594844,22.652021468734826,62218500,295348225,7002592914.611959,7.002592914611959,,,,,,,,751.6429,53.688778,4.823676,-40.48865,,,,-8.513418403683815,Real Estate,REIT - Specialty,United States,28850,2020-Q1
IRM,Iron Mountain Incorporated,2020-02-01 00:00:00-05:00,2020,1,2,22.809539794921875,23.769626172628737,25.869814855617598,21.81195063545998,61599400,295348225,6736757091.49704,6.73675709149704,,,,,,,,751.6429,53.688778,4.823676,-40.48865,,,,-7.563434944157466,Real Estate,REIT - Specialty,United States,28850,2020-Q1
IRM,Iron Mountain Incorporated,2020-03-01 00:00:00-05:00,2020,1,3,17.85159683227539,22.97455518987956,24.57219752139194,15.766411160296569,103944200,295348225,5272437437.828159,5.2724374378281595,,,,,,,,751.6429,53.688778,4.823676,-40.48865,,,,-27.737307036715364,Real Estate,REIT - Specialty,United States,28850,2020-Q1
IRM,Iron Mountain Incorporated,2020-04-01 00:00:00-04:00,2020,2,4,18.568225860595703,17.63904590095471,21.81651311862556,16.126250543886215,68795800,295348225,5484092549.326038,5.484092549326038,,,,,,,,751.6429,53.688778,4.823676,-40.48865,,,,-19.361809192992542,Real Estate,REIT - Specialty,United States,28850,2020-Q2
IRM,Iron Mountain Incorporated,2020-05-01 00:00:00-04:00,2020,2,5,19.781538009643555,18.176591693990016,19.96583787581191,16.540929466317657,65991900,295348225,5842442138.918257,5.842442138918257,,,,,,,,751.6429,53.688778,4.823676,-40.48865,,,,-8.963405058843342,Real Estate,REIT - Specialty,United States,28850,2020-Q2
IRM,Iron Mountain Incorporated,2020-06-01 00:00:00-04:00,2020,2,6,20.042631149291992,19.789218633833535,23.5596904517048,18.714135279303267,103796200,295348225,5919555534.2731,5.9195555342731,,,,,,,,751.6429,53.688778,4.823676,-40.48865,,,,-9.677318149518566,Real Estate,REIT - Specialty,United States,28850,2020-Q2
IRM,Iron Mountain Incorporated,2020-07-01 00:00:00-04:00,2020,3,7,22.144031524658203,20.64367338234148,22.34041349614757,20.093803262861037,54639900,295348225,6540200405.151844,6.540200405151844,,,,,,,,751.6429,53.688778,4.823676,-40.48865,,,,4.1829501367318,Real Estate,REIT - Specialty,United States,28850,2020-Q3
IRM,Iron Mountain Incorporated,2020-08-01 00:00:00-04:00,2020,3,8,23.63652992248535,22.0340526065252,24.060714124884925,21.869092499557386,50222800,295348225,6981007157.765436,6.981007157765436,,,,,,,,751.6429,53.688778,4.823676,-40.48865,,,,2.685542420355702,Real Estate,REIT - Specialty,United States,28850,2020-Q3
IRM,Iron Mountain Incorporated,2020-09-01 00:00:00-04:00,2020,3,9,21.044292449951172,23.58940258026351,24.186403943908456,20.400158335138496,56786000,295348225,6215394421.47398,6.21539442147398,,,,,,,,751.6429,53.688778,4.823676,-40.48865,,,,-10.100261055673975,Real Estate,REIT - Specialty,United States,28850,2020-Q3
IRM,Iron Mountain Incorporated,2020-10-01 00:00:00-04:00,2020,4,10,20.904796600341797,21.53049713896848,23.014529467354443,20.664143370889335,46250100,295348225,6174194569.896984,6.174194569896984,,,,,,,,751.6429,53.688778,4.823676,-40.48865,,,,-13.390762352689045,Real Estate,REIT - Specialty,United States,28850,2020-Q4
IRM,Iron Mountain Incorporated,2020-11-01 00:00:00-04:00,2020,4,11,22.059934616088867,21.097318675372463,23.223095416951534,19.934159404545657,85173800,295348225,6515362532.477903,6.515362532477903,,,,,,,,751.6429,53.688778,4.823676,-40.48865,,,,-6.670088673332774,Real Estate,REIT - Specialty,United States,28850,2020-Q4
IRM,Iron Mountain Incorporated,2020-12-01 00:00:00-05:00,2020,4,12,23.648244857788086,22.116082552112793,24.56273027936885,21.618732254268597,70708300,295348225,6984467143.113089,6.984467143113089,,,,,,,,751.6429,53.688778,4.823676,-40.48865,,,,0.8344414950395285,Real Estate,REIT - Specialty,United States,28850,2020-Q4
IRM,Iron Mountain Incorporated,2021-01-01 00:00:00-05:00,2021,1,1,27.571151733398438,24.565922096332045,33.83546311745052,22.698911454741474,106101000,295348225,8143090725.664902,8.143090725664901,,,,,,,,751.6429,53.688778,4.823676,-40.48865,,,,16.286792977400168,Real Estate,REIT - Specialty,United States,28850,2021-Q1
IRM,Iron Mountain Incorporated,2021-02-01 00:00:00-05:00,2021,1,2,28.4882755279541,27.71854147095444,29.552797961898097,25.556741297722244,58677200,295348225,8413961610.492182,8.413961610492182,,,,,,,,751.6429,53.688778,4.823676,-40.48865,,,,24.896318751229217,Real Estate,REIT - Specialty,United States,28850,2021-Q1
IRM,Iron Mountain Incorporated,2021-03-01 00:00:00-05:00,2021,1,3,30.30615234375,28.824010645822863,30.69101938623484,27.99695633627688,56008100,295348225,8950868301.306152,8.950868301306153,,,,,,,,751.6429,53.688778,4.823676,-40.48865,,,,69.76717897279072,Real Estate,REIT - Specialty,United States,28850,2021-Q1
IRM,Iron Mountain Incorporated,2021-04-01 00:00:00-04:00,2021,2,4,33.41163635253906,30.996539853815285,34.07786975988178,30.463553127941115,40898800,295348225,9868067491.067886,9.868067491067887,,,,,,,,751.6429,53.688778,4.823676,-40.48865,,,,79.93984241350216,Real Estate,REIT - Specialty,United States,28850,2021-Q2
IRM,Iron Mountain Incorporated,2021-05-01 00:00:00-04:00,2021,2,5,36.259788513183594,33.44494879505933,36.53460840365868,32.12080850896655,53197100,295348225,10709264176.244164,10.709264176244163,,,,,,,,751.6429,53.688778,4.823676,-40.48865,,,,83.30115937146468,Real Estate,REIT - Specialty,United States,28850,2021-Q2
IRM,Iron Mountain Incorporated,2021-06-01 00:00:00-04:00,2021,2,6,35.2437744140625,36.42634128409821,39.4243926788956,35.1438402147295,51618100,295348225,10409186215.493774,10.409186215493774,,,,,,,,751.6429,53.688778,4.823676,-40.48865,,,,75.84405037213635,Real Estate,REIT - Specialty,United States,28850,2021-Q2
IRM,Iron Mountain Incorporated,2021-07-01 00:00:00-04:00,2021,3,7,36.937042236328125,35.873499891600176,38.025909241112466,35.43457668300683,36225500,295348225,10909289861.249542,10.909289861249542,,,,,,,,751.6429,53.688778,4.823676,-40.48865,,,,66.8036021137224,Real Estate,REIT - Specialty,United States,28850,2021-Q3
IRM,Iron Mountain Incorporated,2021-08-01 00:00:00-04:00,2021,3,8,40.304927825927734,37.21558688995179,40.36401332640369,35.78908903287487,27877700,295348225,11903988892.140865,11.903988892140866,,,,,,,,751.6429,53.688778,4.823676,-40.48865,,,,70.51964885753299,Real Estate,REIT - Specialty,United States,28850,2021-Q3
IRM,Iron Mountain Incorporated,2021-09-01 00:00:00-04:00,2021,3,9,36.675376892089844,40.31336957540042,41.84960233684056,36.6500522333291,33596000,295348225,10832007466.284752,10.832007466284752,,,,,,,,751.6429,53.688778,4.823676,-40.48865,,,,74.27707288954227,Real Estate,REIT - Specialty,United States,28850,2021-Q3
IRM,Iron Mountain Incorporated,2021-10-01 00:00:00-04:00,2021,4,10,39.03584289550781,37.33379984092087,39.97667368221356,36.093615731862606,27629000,295348225,11529166910.567093,11.529166910567094,,,,,,,,751.6429,53.688778,4.823676,-40.48865,,,,86.73151258917089,Real Estate,REIT - Specialty,United States,28850,2021-Q4
IRM,Iron Mountain Incorporated,2021-11-01 00:00:00-04:00,2021,4,11,38.864784240722656,39.070057430267624,42.251770660621276,38.26607756852206,35862000,295348225,11478645040.50541,11.478645040505409,,,,,,,,751.6429,53.688778,4.823676,-40.48865,,,,76.17814792786189,Real Estate,REIT - Specialty,United States,28850,2021-Q4
IRM,Iron Mountain Incorporated,2021-12-01 00:00:00-05:00,2021,4,12,44.7578010559082,39.309543733510914,45.450591201422704,38.573986025136584,41972400,295348225,13219137096.765614,13.219137096765614,,,,,,,,751.6429,53.688778,4.823676,-40.48865,,,,89.2647903684408,Real Estate,REIT - Specialty,United States,28850,2021-Q4
IRM,Iron Mountain Incorporated,2022-01-01 00:00:00-05:00,2022,1,1,39.77207946777344,45.44514680828665,45.471129253445774,36.420208579346216,62932900,295348225,11746613075.36583,11.746613075365829,,,,,,,,751.6429,53.688778,4.823676,-40.48865,,,,44.252513831677746,Real Estate,REIT - Specialty,United States,28850,2022-Q1
IRM,Iron Mountain Incorporated,2022-02-01 00:00:00-05:00,2022,1,2,42.595619201660156,39.84136785517988,43.11528789557332,36.09108099073092,37661800,295348225,12580540523.986244,12.580540523986244,,,,,,,,751.6429,53.688778,4.823676,-40.48865,,,,49.519823198365344,Real Estate,REIT - Specialty,United States,28850,2022-Q1
IRM,Iron Mountain Incorporated,2022-03-01 00:00:00-05:00,2022,1,3,47.99153518676758,42.8987671135718,48.944262413288925,40.90669899195304,48799400,295348225,14174214732.436848,14.174214732436848,,,,,,,,751.6429,53.688778,4.823676,-40.48865,,,,58.355751143925104,Real Estate,REIT - Specialty,United States,28850,2022-Q1
IRM,Iron Mountain Incorporated,2022-04-01 00:00:00-04:00,2022,2,4,47.11359786987305,48.73578779424142,51.39266747505702,46.99083823834282,28064400,295348225,13914917504.230785,13.914917504230786,,,,,,,,751.6429,53.688778,4.823676,-40.48865,,,,41.009549405959355,Real Estate,REIT - Specialty,United States,28850,2022-Q2
IRM,Iron Mountain Incorporated,2022-05-01 00:00:00-04:00,2022,2,5,47.26266098022461,47.02590885149484,48.20089903947847,42.42240304218525,40449400,295348225,13958943029.286098,13.958943029286099,,,,,,,,751.6429,53.688778,4.823676,-40.48865,,,,30.34455775449576,Real Estate,REIT - Specialty,United States,28850,2022-Q2
IRM,Iron Mountain Incorporated,2022-06-01 00:00:00-04:00,2022,2,6,42.69423294067383,47.33281453266448,47.84139399414514,40.20395502968568,31182600,295348225,12609665916.764545,12.609665916764545,,,,,,,,751.6429,53.688778,4.823676,-40.48865,,,,21.13978610542504,Real Estate,REIT - Specialty,United States,28850,2022-Q2
IRM,Iron Mountain Incorporated,2022-07-01 00:00:00-04:00,2022,3,7,43.07004165649414,43.229919076056596,44.24249865535388,39.55266727160468,38276000,295348225,12720660353.921604,12.720660353921604,,,,,,,,751.6429,53.688778,4.823676,-40.48865,,,,16.603926705680074,Real Estate,REIT - Specialty,United States,28850,2022-Q3
IRM,Iron Mountain Incorporated,2022-08-01 00:00:00-04:00,2022,3,8,46.729522705078125,42.79468527032084,49.3853138368437,42.45715878610805,32289200,295348225,13801481586.042023,13.801481586042023,,,,,,,,751.6429,53.688778,4.823676,-40.48865,,,,15.939973660038454,Real Estate,REIT - Specialty,United States,28850,2022-Q3
IRM,Iron Mountain Incorporated,2022-09-01 00:00:00-04:00,2022,3,9,39.05526351928711,46.320945999097155,50.33572096158074,38.486799927725194,46389600,295348225,11534902757.328701,11.534902757328702,,,,,,,,751.6429,53.688778,4.823676,-40.48865,,,,6.489058406133408,Real Estate,REIT - Specialty,United States,28850,2022-Q3
IRM,Iron Mountain Incorporated,2022-10-01 00:00:00-04:00,2022,4,10,44.98162078857422,40.15734962697366,45.376904421383244,39.429664888933466,27849300,295348225,13285241857.528496,13.285241857528495,,,,,,,,751.6429,53.688778,4.823676,-40.48865,,,,15.23158577357282,Real Estate,REIT - Specialty,United States,28850,2022-Q4
IRM,Iron Mountain Incorporated,2022-11-01 00:00:00-04:00,2022,4,11,48.80870056152344,45.376905951613644,49.06922662780519,41.87324657262782,28260600,295348225,14415563075.40245,14.415563075402451,,,,,,,,751.6429,53.688778,4.823676,-40.48865,,,,25.585929563405397,Real Estate,REIT - Specialty,United States,28850,2022-Q4
IRM,Iron Mountain Incorporated,2022-12-01 00:00:00-05:00,2022,4,12,44.78397750854492,49.383658448668776,50.86597465024438,44.01137814379275,26870400,295348225,13226868265.588665,13.226868265588665,,,,,,,,751.6429,53.688778,4.823676,-40.48865,,,,0.05848467087117282,Real Estate,REIT - Specialty,United States,28850,2022-Q4
IRM,Iron Mountain Incorporated,2023-01-01 00:00:00-05:00,2023,1,1,49.5859375,45.670300791477146,50.08561186568342,44.443823567723804,33185300,295348225,14645118625.585938,14.645118625585937,,,,,,,,751.6429,53.688778,4.823676,-40.48865,,,,24.675244954638465,Real Estate,REIT - Specialty,United States,28850,2023-Q1
IRM,Iron Mountain Incorporated,2023-02-01 00:00:00-05:00,2023,1,2,47.92338180541992,49.28613199893897,51.975291549059854,45.543112437789475,29019800,295348225,14154085752.22807,14.154085752228069,,,,,,,,751.6429,53.688778,4.823676,-40.48865,,,,12.507771230033239,Real Estate,REIT - Specialty,United States,28850,2023-Q1
IRM,Iron Mountain Incorporated,2023-03-01 00:00:00-05:00,2023,1,3,48.068729400634766,47.63264986605289,50.17644888393987,44.46198370136215,31152400,295348225,14197013906.482792,14.197013906482791,,,,,,,,751.6429,53.688778,4.823676,-40.48865,,,,0.16084964476916763,Real Estate,REIT - Specialty,United States,28850,2023-Q1
IRM,Iron Mountain Incorporated,2023-04-01 00:00:00-04:00,2023,2,4,50.78236389160156,48.50248646405817,51.04895943567091,46.9672501835215,23942900,295348225,14998481036.688614,14.998481036688615,,,,,,,,751.6429,53.688778,4.823676,-40.48865,,,,7.787064006152922,Real Estate,REIT - Specialty,United States,28850,2023-Q2
IRM,Iron Mountain Incorporated,2023-05-01 00:00:00-04:00,2023,2,5,49.10921859741211,50.67203611790191,51.96825463348271,48.557637593411705,31045500,295348225,14504320543.882656,14.504320543882656,,,,,,,,751.6429,53.688778,4.823676,-40.48865,,,,3.9070115369934877,Real Estate,REIT - Specialty,United States,28850,2023-Q2
IRM,Iron Mountain Incorporated,2023-06-01 00:00:00-04:00,2023,2,6,52.23486328125,49.164387176589365,52.88756840807914,48.576033061877624,29084500,295348225,15427474153.234863,15.427474153234863,,,,,,,,751.6429,53.688778,4.823676,-40.48865,,,,22.34641468751399,Real Estate,REIT - Specialty,United States,28850,2023-Q2
IRM,Iron Mountain Incorporated,2023-07-01 00:00:00-04:00,2023,3,7,57.07186508178711,52.48008746235487,58.447538242968015,52.31277552625755,29914100,295348225,16856074049.345303,16.856074049345303,,,,,,,,751.6429,53.688778,4.823676,-40.48865,,,,32.509426243338126,Real Estate,REIT - Specialty,United States,28850,2023-Q3
IRM,Iron Mountain Incorporated,2023-08-01 00:00:00-04:00,2023,3,8,59.06101608276367,56.8580767010321,59.246918634012225,53.93941834755739,27509200,295348225,17443566266.740704,17.443566266740703,,,,,,,,751.6429,53.688778,4.823676,-40.48865,,,,26.389084809431363,Real Estate,REIT - Specialty,United States,28850,2023-Q3
IRM,Iron Mountain Incorporated,2023-09-01 00:00:00-04:00,2023,3,9,55.25932312011719,59.27480261467617,59.93475684710587,54.78527143843112,32789400,295348225,16320742998.228073,16.320742998228074,,,,,,,,751.6429,53.688778,4.823676,-40.48865,,,,41.49007877728912,Real Estate,REIT - Specialty,United States,28850,2023-Q3
IRM,Iron Mountain Incorporated,2023-10-01 00:00:00-04:00,2023,4,10,55.47795486450195,55.693968141782555,58.539716372989325,53.07362709449612,34496500,295348225,16385315495.860767,16.385315495860766,,,,,,,,751.6429,53.688778,4.823676,-40.48865,,,,23.334717362149625,Real Estate,REIT - Specialty,United States,28850,2023-Q4
IRM,Iron Mountain Incorporated,2023-11-01 00:00:00-04:00,2023,4,11,60.24904251098633,55.57187295806423,60.342960081914605,53.87194127827302,33689300,295348225,17794447763.569355,17.794447763569355,,,,,,,,751.6429,53.688778,4.823676,-40.48865,,,,23.43914469724988,Real Estate,REIT - Specialty,United States,28850,2023-Q4
IRM,Iron Mountain Incorporated,2023-12-01 00:00:00-05:00,2023,4,12,65.72452545166016,60.12694622663975,66.36317499754124,59.779450480282804,26943400,295348225,19411621931.11515,19.41162193111515,,,,,,,,751.6429,53.688778,4.823676,-40.48865,,,,46.75901764000241,Real Estate,REIT - Specialty,United States,28850,2023-Q4
IRM,Iron Mountain Incorporated,2024-01-01 00:00:00-05:00,2024,1,1,64.02758026123047,66.28448134583748,66.43620171514202,61.33448040183399,29238500,295348225,18910432181.199455,18.910432181199454,,,,,,,,751.6429,53.688778,4.823676,-40.48865,,,,29.12447256085553,Real Estate,REIT - Specialty,United States,28850,2024-Q1
IRM,Iron Mountain Incorporated,2024-02-01 00:00:00-05:00,2024,1,2,74.57241821289062,63.942245954732456,75.5775883789334,62.77586338290623,32136300,295348225,22024831353.13492,22.024831353134918,,,,,,,,751.6429,53.688778,4.823676,-40.48865,,,,55.60758736867108,Real Estate,REIT - Specialty,United States,28850,2024-Q1
IRM,Iron Mountain Incorporated,2024-03-01 00:00:00-05:00,2024,1,3,76.06119537353516,74.11723446947113,77.93878450071338,73.0836101625279,31253800,295348225,22464539044.95182,22.46453904495182,,,,,,,,751.6429,53.688778,4.823676,-40.48865,,,,58.23425399825679,Real Estate,REIT - Specialty,United States,28850,2024-Q1
IRM,Iron Mountain Incorporated,2024-04-01 00:00:00-04:00,2024,2,4,74.11174011230469,76.6834734775279,76.845997479876,70.29716713070502,23480800,295348225,21888770893.83049,21.88877089383049,1534409000.0,1534.409,858438000.0,35783000.0,289099000.0,455105000.0,3.5663194907339717,751.6429,53.688778,4.823676,-40.48865,,,,45.93991778425532,Real Estate,REIT - Specialty,United States,28850,2024-Q2
IRM,Iron Mountain Incorporated,2024-05-01 00:00:00-04:00,2024,2,5,77.14237976074219,74.2455981343339,79.35081579395246,71.51134052466405,29955100,295348225,22783864934.61113,22.78386493461113,1534409000.0,1534.409,858438000.0,35783000.0,289099000.0,455105000.0,3.7121564287310505,751.6429,53.688778,4.823676,-40.48865,,0.0,,57.083297116047646,Real Estate,REIT - Specialty,United States,28850,2024-Q2
IRM,Iron Mountain Incorporated,2024-06-01 00:00:00-04:00,2024,2,6,85.67976379394531,77.46742850773472,86.42546909545815,75.67008733757659,51334800,295348225,25305366154.961014,25.305366154961014,1534409000.0,1534.409,858438000.0,35783000.0,289099000.0,455105000.0,4.122982554677568,751.6429,53.688778,4.823676,-40.48865,,0.0,,64.02792773212933,Real Estate,REIT - Specialty,United States,28850,2024-Q2
IRM,Iron Mountain Incorporated,2024-07-01 00:00:00-04:00,2024,3,7,98.78031158447266,86.00899313504182,99.59899206178066,85.30589289350355,39282000,295348225,29174589691.420937,29.174589691420937,1557358000.0,1557.358,878968000.0,-33620000.0,304799000.0,397991000.0,4.683346682558047,751.6429,53.688778,4.823676,-40.48865,,1.4956246998029776,,73.08057383951805,Real Estate,REIT - Specialty,United States,28850,2024-Q3
IRM,Iron Mountain Incorporated,2024-08-01 00:00:00-04:00,2024,3,8,109.08597564697266,101.13038342657887,110.69442855313575,97.4607975793892,39889300,295348225,32218349279.7266,32.2183492797266,1557358000.0,1557.358,878968000.0,-33620000.0,304799000.0,397991000.0,5.171956171883183,751.6429,53.688778,4.823676,-40.48865,,0.0,1.4956246998029776,84.70047229480062,Real Estate,REIT - Specialty,United States,28850,2024-Q3
IRM,Iron Mountain Incorporated,2024-09-01 00:00:00-04:00,2024,3,9,114.45069885253906,108.70071314748608,116.09767846407982,103.62492704427159,31726200,295348225,33802810756.10695,33.80281075610695,1557358000.0,1557.358,878968000.0,-33620000.0,304799000.0,397991000.0,5.426307046309671,751.6429,53.688778,4.823676,-40.48865,,0.0,1.4956246998029776,107.11563658454084,Real Estate,REIT - Specialty,United States,28850,2024-Q3
IRM,Iron Mountain Incorporated,2024-10-01 00:00:00-04:00,2024,4,10,119.90247344970703,115.31879053905774,126.21109170816737,112.56664816241152,27817400,295348225,35412982706.4806,35.4129827064806,1581279000.0,1581.279,892346000.0,103932000.0,324430000.0,589168000.0,5.598787865152291,751.6429,53.688778,4.823676,-40.48865,,1.5359987876904402,3.0545962647507974,116.12634016980978,Real Estate,REIT - Specialty,United States,28850,2024-Q4
IRM,Iron Mountain Incorporated,2024-11-01 00:00:00-04:00,2024,4,11,119.84432983398438,121.01689821374825,121.98596372364067,108.64193490551052,30469800,295348225,35395810092.78183,35.39581009278183,1581279000.0,1581.279,892346000.0,103932000.0,324430000.0,589168000.0,5.596072877206019,751.6429,53.688778,4.823676,-40.48865,,0.0,1.5359987876904402,98.91491190441894,Real Estate,REIT - Specialty,United States,28850,2024-Q4
IRM,Iron Mountain Incorporated,2024-12-01 00:00:00-05:00,2024,4,12,101.85847473144531,119.19505583880587,119.2338193457968,98.20509367641671,39140600,295348225,30083719713.139725,30.083719713139725,1581279000.0,1581.279,892346000.0,103932000.0,324430000.0,589168000.0,4.756232093314925,751.6429,53.688778,4.823676,-40.48865,,0.0,1.5359987876904402,54.97787778834764,Real Estate,REIT - Specialty,United States,28850,2024-Q4
IRM,Iron Mountain Incorporated,2025-01-01 00:00:00-05:00,2025,1,1,99.06094360351562,102.66954053296581,109.40884825305025,94.7891442315747,39277000,295348225,29257473860.123444,29.257473860123444,1592529000.0,1592.529,882325000.0,15952000.0,320434000.0,469279000.0,4.5929263862892675,751.6429,53.688778,4.823676,-40.48865,,0.7114494026670748,2.2583760445575196,54.71605080084263,Real Estate,REIT - Specialty,United States,28850,2025-Q1
IRM,Iron Mountain Incorporated,2025-02-01 00:00:00-05:00,2025,1,2,90.86844635009766,97.11035046863515,104.36656465751616,87.10379823089242,44152800,295348225,26837834338.00907,26.83783433800907,1592529000.0,1592.529,882325000.0,15952000.0,320434000.0,469279000.0,4.213084084812438,751.6429,53.688778,4.823676,-40.48865,,0.0,0.7114494026670748,21.85262128778611,Real Estate,REIT - Specialty,United States,28850,2025-Q1
IRM,Iron Mountain Incorporated,2025-03-01 00:00:00-05:00,2025,1,3,83.9145736694336,90.54659029832622,90.85869255189635,79.48672339942549,46621900,295348225,24784020384.89895,24.784020384898948,1592529000.0,1592.529,882325000.0,15952000.0,320434000.0,469279000.0,3.8906701832272677,751.6429,53.688778,4.823676,-40.48865,,0.0,0.7114494026670748,10.32507871764392,Real Estate,REIT - Specialty,United States,28850,2025-Q1
IRM,Iron Mountain Incorporated,2025-04-01 00:00:00-04:00,2025,2,4,88.25472259521484,86.90635032474394,88.72714998426342,71.1884061253594,40496500,295348225,26065875666.364098,26.065875666364096,1711948000.0,1711.948,957111000.0,-44921000.0,314089000.0,442830000.0,3.806464283138871,751.6429,53.688778,4.823676,-40.48865,,7.49870175048617,8.26350062196488,19.083322644264843,Real Estate,REIT - Specialty,United States,28850,2025-Q2
IRM,Iron Mountain Incorporated,2025-05-01 00:00:00-04:00,2025,2,5,97.15204620361328,88.56967390752665,99.7897477119612,87.46735582038225,34260100,295348225,28693684401.35517,28.69368440135517,1711948000.0,1711.948,957111000.0,-44921000.0,314089000.0,442830000.0,4.190209691146456,751.6429,53.688778,4.823676,-40.48865,,0.0,7.49870175048617,25.93861701561615,Real Estate,REIT - Specialty,United States,28850,2025-Q2
IRM,Iron Mountain Incorporated,2025-06-01 00:00:00-04:00,2025,2,6,100.95111846923828,96.64025152041984,103.90376891584833,95.0458175760182,35477300,295348225,29815733651.654243,29.815733651654245,1711948000.0,1711.948,957111000.0,-44921000.0,314089000.0,442830000.0,4.354065317938139,751.6429,53.688778,4.823676,-40.48865,,0.0,7.49870175048617,17.823759075736547,Real Estate,REIT - Specialty,United States,28850,2025-Q2
IRM,Iron Mountain Incorporated,2025-07-01 00:00:00-04:00,2025,3,7,96.5695571899414,101.19171978818517,102.16376672358412,95.54792073349809,24528300,295348225,28521647305.085182,28.52164730508518,,,,,,,,751.6429,53.688778,4.823676,-40.48865,,0.0,7.49870175048617,-2.238051651255124,Real Estate,REIT - Specialty,United States,28850,2025-Q3
IRM,Iron Mountain Incorporated,2025-08-01 00:00:00-04:00,2025,3,8,91.58039855957031,96.41085545299998,97.35314719055008,88.32702923729353,31743100,295348225,27048108159.36165,27.04810815936165,,,,,,,,751.6429,53.688778,4.823676,-40.48865,,0.0,0.0,-16.047504716879857,Real Estate,REIT - Specialty,United States,28850,2025-Q3
IRM,Iron Mountain Incorporated,2025-09-01 00:00:00-04:00,2025,3,9,101.11238098144531,90.31079435399016,103.88964404905245,87.08718016604091,34859800,295348225,29863362248.39363,29.86336224839363,,,,,,,,751.6429,53.688778,4.823676,-40.48865,,0.0,0.0,-11.654203954035392,Real Estate,REIT - Specialty,United States,28850,2025-Q3
IRM,Iron Mountain Incorporated,2025-10-01 00:00:00-04:00,2025,4,10,105.2300033569336,101.76000213623047,108.1500015258789,100.87999725341797,22461427,295348225,31079494708.21438,31.07949470821438,,,,,,,,751.6429,53.688778,4.823676,-40.48865,,0.0,0.0,-12.237003683604398,Real Estate,REIT - Specialty,United States,28850,2025-Q4
