ticker,company_name,date,year,quarter,month,close_price,open_price,high_price,low_price,volume,shares_outstanding,market_cap,market_cap_billions,revenue,revenue_millions,gross_profit,net_income,operating_income,ebitda,ps_ratio,current_pe,forward_pe,current_ps,current_pb,peg_ratio,revenue_qoq_pct,revenue_yoy_pct,market_cap_yoy_pct,sector,industry,country,employees,year_quarter
ISRG,"Intuitive Surgical, Inc.",2015-01-01 00:00:00-05:00,2015,1,1,54.942222595214844,58.98666763305664,59.787776947021484,54.772220611572266,59285700,354496073,19476802151.89553,19.47680215189553,,,,,,,,72.48144,69.53053,20.155602,11.456512,,,,,Healthcare,Medical Instruments & Supplies,United States,15638,2015-Q1
ISRG,"Intuitive Surgical, Inc.",2015-02-01 00:00:00-05:00,2015,1,2,55.55555725097656,55.53889083862305,58.155555725097656,54.962223052978516,34395300,354496073,19694226878.797867,19.694226878797867,,,,,,,,72.48144,69.53053,20.155602,11.456512,,,,,Healthcare,Medical Instruments & Supplies,United States,15638,2015-Q1
ISRG,"Intuitive Surgical, Inc.",2015-03-01 00:00:00-05:00,2015,1,3,56.114444732666016,55.66444396972656,57.22111129760742,54.07444381713867,43611300,354496073,19892350296.305637,19.892350296305636,,,,,,,,72.48144,69.53053,20.155602,11.456512,,,,,Healthcare,Medical Instruments & Supplies,United States,15638,2015-Q1
ISRG,"Intuitive Surgical, Inc.",2015-04-01 00:00:00-04:00,2015,2,4,55.108890533447266,55.77111053466797,62.11555480957031,54.61000061035156,65025000,354496073,19535885281.49393,19.535885281493933,,,,,,,,72.48144,69.53053,20.155602,11.456512,,,,,Healthcare,Medical Instruments & Supplies,United States,15638,2015-Q2
ISRG,"Intuitive Surgical, Inc.",2015-05-01 00:00:00-04:00,2015,2,5,54.19444274902344,54.945556640625,56.21666717529297,53.6522216796875,50452200,354496073,19211717132.952133,19.211717132952135,,,,,,,,72.48144,69.53053,20.155602,11.456512,,,,,Healthcare,Medical Instruments & Supplies,United States,15638,2015-Q2
ISRG,"Intuitive Surgical, Inc.",2015-06-01 00:00:00-04:00,2015,2,6,53.83333206176758,54.59555435180664,56.619998931884766,53.34333419799805,49526100,354496073,19083704812.4016,19.0837048124016,,,,,,,,72.48144,69.53053,20.155602,11.456512,,,,,Healthcare,Medical Instruments & Supplies,United States,15638,2015-Q2
ISRG,"Intuitive Surgical, Inc.",2015-07-01 00:00:00-04:00,2015,3,7,59.241111755371094,54.15888977050781,62.76222229003906,52.310001373291016,68469300,354496073,21000741477.43319,21.000741477433188,,,,,,,,72.48144,69.53053,20.155602,11.456512,,,,,Healthcare,Medical Instruments & Supplies,United States,15638,2015-Q3
ISRG,"Intuitive Surgical, Inc.",2015-08-01 00:00:00-04:00,2015,3,8,56.772220611572266,59.073333740234375,59.383331298828125,52.78111267089844,47134800,354496073,20125529262.292027,20.125529262292027,,,,,,,,72.48144,69.53053,20.155602,11.456512,,,,,Healthcare,Medical Instruments & Supplies,United States,15638,2015-Q3
ISRG,"Intuitive Surgical, Inc.",2015-09-01 00:00:00-04:00,2015,3,9,51.06444549560547,55.776668548583984,58.4988899230957,50.065555572509766,56516400,354496073,18102145398.114677,18.10214539811468,,,,,,,,72.48144,69.53053,20.155602,11.456512,,,,,Healthcare,Medical Instruments & Supplies,United States,15638,2015-Q3
ISRG,"Intuitive Surgical, Inc.",2015-10-01 00:00:00-04:00,2015,4,10,55.17777633666992,51.11000061035156,57.77555465698242,49.66666793823242,81036900,354496073,19560305028.221813,19.560305028221812,,,,,,,,72.48144,69.53053,20.155602,11.456512,,,,,Healthcare,Medical Instruments & Supplies,United States,15638,2015-Q4
ISRG,"Intuitive Surgical, Inc.",2015-11-01 00:00:00-04:00,2015,4,11,57.779998779296875,55.233333587646484,58.07666778564453,55.00666809082031,47571300,354496073,20482782665.205536,20.482782665205537,,,,,,,,72.48144,69.53053,20.155602,11.456512,,,,,Healthcare,Medical Instruments & Supplies,United States,15638,2015-Q4
ISRG,"Intuitive Surgical, Inc.",2015-12-01 00:00:00-05:00,2015,4,12,60.684444427490234,57.8922233581543,61.844444274902344,56.00555419921875,56137500,354496073,21512397241.73202,21.51239724173202,,,,,,,,72.48144,69.53053,20.155602,11.456512,,,,,Healthcare,Medical Instruments & Supplies,United States,15638,2015-Q4
ISRG,"Intuitive Surgical, Inc.",2016-01-01 00:00:00-05:00,2016,1,1,60.094444274902344,60.795555114746094,64.44444274902344,57.83333206176758,88884900,354496073,21303244504.570213,21.303244504570213,,,,,,,,72.48144,69.53053,20.155602,11.456512,,,,9.37752685697908,Healthcare,Medical Instruments & Supplies,United States,15638,2016-Q1
ISRG,"Intuitive Surgical, Inc.",2016-02-01 00:00:00-05:00,2016,1,2,62.56222152709961,59.88888931274414,63.34555435180664,55.77888870239258,68003100,354496073,22178061849.512875,22.178061849512876,,,,,,,,72.48144,69.53053,20.155602,11.456512,,,,12.611995312133928,Healthcare,Medical Instruments & Supplies,United States,15638,2016-Q1
ISRG,"Intuitive Surgical, Inc.",2016-03-01 00:00:00-05:00,2016,1,3,66.78333282470703,62.692222595214844,67.52777862548828,62.33555603027344,74295900,354496073,23674429228.21064,23.67442922821064,,,,,,,,72.48144,69.53053,20.155602,11.456512,,,,19.012730399219848,Healthcare,Medical Instruments & Supplies,United States,15638,2016-Q1
ISRG,"Intuitive Surgical, Inc.",2016-04-01 00:00:00-04:00,2016,2,4,69.5955581665039,66.1322250366211,72.76444244384766,65.67111206054688,66560400,354496073,24671352068.268715,24.671352068268714,,,,,,,,72.48144,69.53053,20.155602,11.456512,,,,26.287351265517202,Healthcare,Medical Instruments & Supplies,United States,15638,2016-Q2
ISRG,"Intuitive Surgical, Inc.",2016-05-01 00:00:00-04:00,2016,2,5,70.52333068847656,69.75333404541016,71.64555358886719,67.91444396972656,59950800,354496073,25000243783.945328,25.00024378394533,,,,,,,,72.48144,69.53053,20.155602,11.456512,,,,30.130188837023077,Healthcare,Medical Instruments & Supplies,United States,15638,2016-Q2
ISRG,"Intuitive Surgical, Inc.",2016-06-01 00:00:00-04:00,2016,2,6,73.48999786376953,70.25,73.72222137451172,69.4911117553711,57187800,354496073,26051915647.484688,26.051915647484687,,,,,,,,72.48144,69.53053,20.155602,11.456512,,,,36.513931144830835,Healthcare,Medical Instruments & Supplies,United States,15638,2016-Q2
ISRG,"Intuitive Surgical, Inc.",2016-07-01 00:00:00-04:00,2016,3,7,77.3066635131836,73.50777435302734,80.00111389160156,73.22555541992188,59414400,354496073,27404908632.155968,27.40490863215597,,,,,,,,72.48144,69.53053,20.155602,11.456512,,,,30.494957340456374,Healthcare,Medical Instruments & Supplies,United States,15638,2016-Q3
ISRG,"Intuitive Surgical, Inc.",2016-08-01 00:00:00-04:00,2016,3,8,76.26889038085938,77.10778045654297,77.8499984741211,75.45555877685547,36947700,354496073,27037022132.082123,27.03702213208212,,,,,,,,72.48144,69.53053,20.155602,11.456512,,,,34.34191856380016,Healthcare,Medical Instruments & Supplies,United States,15638,2016-Q3
ISRG,"Intuitive Surgical, Inc.",2016-09-01 00:00:00-04:00,2016,3,9,80.53666687011719,76.31777954101562,80.79222106933594,74.5,47439000,354496073,28549932137.965744,28.549932137965744,,,,,,,,72.48144,69.53053,20.155602,11.456512,,,,57.71573761052209,Healthcare,Medical Instruments & Supplies,United States,15638,2016-Q3
ISRG,"Intuitive Surgical, Inc.",2016-10-01 00:00:00-04:00,2016,4,10,74.67555236816406,80.17333221435547,80.80555725097656,73.08000183105469,59871600,354496073,26472190063.62001,26.472190063620012,,,,,,,,72.48144,69.53053,20.155602,11.456512,,,,35.336284507964756,Healthcare,Medical Instruments & Supplies,United States,15638,2016-Q4
ISRG,"Intuitive Surgical, Inc.",2016-11-01 00:00:00-04:00,2016,4,11,71.52666473388672,74.82666778564453,76.46333312988281,68.53333282470703,81346500,354496073,25355921762.95043,25.35592176295043,,,,,,,,72.48144,69.53053,20.155602,11.456512,,,,23.791391908986004,Healthcare,Medical Instruments & Supplies,United States,15638,2016-Q4
ISRG,"Intuitive Surgical, Inc.",2016-12-01 00:00:00-05:00,2016,4,12,70.46333312988281,71.38444519042969,72.46666717529297,67.8566665649414,63640800,354496073,24978974885.034256,24.978974885034255,,,,,,,,72.48144,69.53053,20.155602,11.456512,,,,16.114325169569675,Healthcare,Medical Instruments & Supplies,United States,15638,2016-Q4
ISRG,"Intuitive Surgical, Inc.",2017-01-01 00:00:00-05:00,2017,1,1,76.9655532836914,70.66000366210938,77.82444763183594,69.413330078125,72194400,354496073,27283986395.34086,27.283986395340857,,,,,,,,72.48144,69.53053,20.155602,11.456512,,,,28.074324028377884,Healthcare,Medical Instruments & Supplies,United States,15638,2017-Q1
ISRG,"Intuitive Surgical, Inc.",2017-02-01 00:00:00-05:00,2017,1,2,81.88888549804688,76.6722183227539,82.11444091796875,76.44222259521484,55503900,354496073,29029288331.404266,29.029288331404267,,,,,,,,72.48144,69.53053,20.155602,11.456512,,,,30.89190808637714,Healthcare,Medical Instruments & Supplies,United States,15638,2017-Q1
ISRG,"Intuitive Surgical, Inc.",2017-03-01 00:00:00-05:00,2017,1,3,85.163330078125,81.86666870117188,85.586669921875,80.75444030761719,69126300,354496073,30190066076.298096,30.190066076298095,,,,,,,,72.48144,69.53053,20.155602,11.456512,,,,27.521832882557405,Healthcare,Medical Instruments & Supplies,United States,15638,2017-Q1
ISRG,"Intuitive Surgical, Inc.",2017-04-01 00:00:00-04:00,2017,2,4,92.87444305419922,85.07111358642578,93.82888793945312,83.7088851928711,64539000,354496073,32923625344.77575,32.92362534477575,,,,,,,,72.48144,69.53053,20.155602,11.456512,,,,33.448808373663354,Healthcare,Medical Instruments & Supplies,United States,15638,2017-Q2
ISRG,"Intuitive Surgical, Inc.",2017-05-01 00:00:00-04:00,2017,2,5,101.63111114501953,93.17555236816406,102.42555236816406,92.93111419677734,55065600,354496073,36027829795.53596,36.02782979553596,,,,,,,,72.48144,69.53053,20.155602,11.456512,,,,44.10991391480883,Healthcare,Medical Instruments & Supplies,United States,15638,2017-Q2
ISRG,"Intuitive Surgical, Inc.",2017-06-01 00:00:00-04:00,2017,2,6,103.93000030517578,101.67666625976562,107.05999755859375,97.38888549804688,69922800,354496073,36842776975.073616,36.84277697507362,,,,,,,,72.48144,69.53053,20.155602,11.456512,,,,41.42060596849348,Healthcare,Medical Instruments & Supplies,United States,15638,2017-Q2
ISRG,"Intuitive Surgical, Inc.",2017-07-01 00:00:00-04:00,2017,3,7,104.25111389160156,104.55110931396484,108.2955551147461,102.28555297851562,70612200,354496073,36956610480.4485,36.956610480448504,,,,,,,,72.48144,69.53053,20.155602,11.456512,,,,34.85398173188907,Healthcare,Medical Instruments & Supplies,United States,15638,2017-Q3
ISRG,"Intuitive Surgical, Inc.",2017-08-01 00:00:00-04:00,2017,3,8,111.62999725341797,104.33000183105469,111.73999786376953,102.63111114501953,62262900,354496073,39572395655.337456,39.57239565533746,,,,,,,,72.48144,69.53053,20.155602,11.456512,,,,46.36373585085343,Healthcare,Medical Instruments & Supplies,United States,15638,2017-Q3
ISRG,"Intuitive Surgical, Inc.",2017-09-01 00:00:00-04:00,2017,3,9,116.2088851928711,111.32221984863281,117.19667053222656,110.81888580322266,41051700,354496073,41195593448.58065,41.19559344858065,,,,,,,,72.48144,69.53053,20.155602,11.456512,,,,44.29313964567603,Healthcare,Medical Instruments & Supplies,United States,15638,2017-Q3
ISRG,"Intuitive Surgical, Inc.",2017-10-01 00:00:00-04:00,2017,4,10,125.12000274658203,116.56666564941406,127.38333129882812,116.39666748046875,61311900,354496073,44354549627.412544,44.354549627412545,,,,,,,,72.48144,69.53053,20.155602,11.456512,,,,67.55149279608625,Healthcare,Medical Instruments & Supplies,United States,15638,2017-Q4
ISRG,"Intuitive Surgical, Inc.",2017-11-01 00:00:00-04:00,2017,4,11,133.25999450683594,125.7699966430664,135.01666259765625,124.62333679199219,45806400,354496073,47240144740.67491,47.240144740674914,,,,,,,,72.48144,69.53053,20.155602,11.456512,,,,86.30813417992664,Healthcare,Medical Instruments & Supplies,United States,15638,2017-Q4
ISRG,"Intuitive Surgical, Inc.",2017-12-01 00:00:00-05:00,2017,4,12,121.64666748046875,132.86666870117188,134.0,119.91666412353516,59063100,354496073,43123265915.362976,43.12326591536298,,,,,,,,72.48144,69.53053,20.155602,11.456512,,,,72.63825322631465,Healthcare,Medical Instruments & Supplies,United States,15638,2017-Q4
ISRG,"Intuitive Surgical, Inc.",2018-01-01 00:00:00-05:00,2018,1,1,143.88999938964844,122.62999725341797,150.6666717529297,121.70333099365234,64841100,354496073,51008439727.60277,51.00843972760277,,,,,,,,72.48144,69.53053,20.155602,11.456512,,,,86.95376470468116,Healthcare,Medical Instruments & Supplies,United States,15638,2018-Q1
ISRG,"Intuitive Surgical, Inc.",2018-02-01 00:00:00-05:00,2018,1,2,142.14999389648438,144.20333862304688,145.40333557128906,126.66666412353516,45003000,354496073,50391614613.27768,50.39161461327768,,,,,,,,72.48144,69.53053,20.155602,11.456512,,,,73.58887354728351,Healthcare,Medical Instruments & Supplies,United States,15638,2018-Q1
ISRG,"Intuitive Surgical, Inc.",2018-03-01 00:00:00-05:00,2018,1,3,137.61000061035156,142.81333923339844,148.36666870117188,132.40333557128906,44751600,354496073,48782204821.89723,48.78220482189723,,,,,,,,72.48144,69.53053,20.155602,11.456512,,,,61.58363051810487,Healthcare,Medical Instruments & Supplies,United States,15638,2018-Q1
ISRG,"Intuitive Surgical, Inc.",2018-04-01 00:00:00-04:00,2018,2,4,146.92666625976562,137.4199981689453,157.92999267578125,131.19000244140625,62668500,354496073,52084926208.06851,52.08492620806851,,,,,,,,72.48144,69.53053,20.155602,11.456512,,,,58.19924343882512,Healthcare,Medical Instruments & Supplies,United States,15638,2018-Q2
ISRG,"Intuitive Surgical, Inc.",2018-05-01 00:00:00-04:00,2018,2,5,153.22332763671875,146.6699981689453,157.5933380126953,146.02333068847656,49443600,354496073,54317067939.20917,54.31706793920917,,,,,,,,72.48144,69.53053,20.155602,11.456512,,,,50.764196032533015,Healthcare,Medical Instruments & Supplies,United States,15638,2018-Q2
ISRG,"Intuitive Surgical, Inc.",2018-06-01 00:00:00-04:00,2018,2,6,159.4933319091797,153.93666076660156,165.63999938964844,153.14332580566406,50883000,354496073,56539759831.48979,56.53975983148979,,,,,,,,72.48144,69.53053,20.155602,11.456512,,,,53.462264448041964,Healthcare,Medical Instruments & Supplies,United States,15638,2018-Q2
ISRG,"Intuitive Surgical, Inc.",2018-07-01 00:00:00-04:00,2018,3,7,169.39666748046875,158.82666015625,179.76666259765625,157.26666259765625,56407800,354496073,60050453401.112976,60.050453401112975,,,,,,,,72.48144,69.53053,20.155602,11.456512,,,,62.4890719696332,Healthcare,Medical Instruments & Supplies,United States,15638,2018-Q3
ISRG,"Intuitive Surgical, Inc.",2018-08-01 00:00:00-04:00,2018,3,8,186.6666717529297,170.14332580566406,186.79666137695312,169.97332763671875,32172000,354496073,66172602096.3936,66.1726020963936,,,,,,,,72.48144,69.53053,20.155602,11.456512,,,,67.21909553501686,Healthcare,Medical Instruments & Supplies,United States,15638,2018-Q3
ISRG,"Intuitive Surgical, Inc.",2018-09-01 00:00:00-04:00,2018,3,9,191.3333282470703,186.3333282470703,191.80332946777344,177.98666381835938,32528100,354496073,67826913497.6064,67.8269134976064,,,,,,,,72.48144,69.53053,20.155602,11.456512,,,,64.64604055835808,Healthcare,Medical Instruments & Supplies,United States,15638,2018-Q3
ISRG,"Intuitive Surgical, Inc.",2018-10-01 00:00:00-04:00,2018,4,10,173.72666931152344,191.71665954589844,193.7066650390625,155.69000244140625,73753500,354496073,61585422046.30467,61.58542204630467,,,,,,,,72.48144,69.53053,20.155602,11.456512,,,,38.84803828160819,Healthcare,Medical Instruments & Supplies,United States,15638,2018-Q4
ISRG,"Intuitive Surgical, Inc.",2018-11-01 00:00:00-04:00,2018,4,11,176.9566650390625,174.27667236328125,182.02000427246094,154.00332641601562,48102300,354496073,62730442847.52405,62.730442847524046,,,,,,,,72.48144,69.53053,20.155602,11.456512,,,,32.79053904657412,Healthcare,Medical Instruments & Supplies,United States,15638,2018-Q4
ISRG,"Intuitive Surgical, Inc.",2018-12-01 00:00:00-05:00,2018,4,12,159.63999938964844,180.6199951171875,182.9933319091797,143.413330078125,50097000,354496073,56591752877.35277,56.59175287735277,,,,,,,,72.48144,69.53053,20.155602,11.456512,,,,31.23252999534887,Healthcare,Medical Instruments & Supplies,United States,15638,2018-Q4
ISRG,"Intuitive Surgical, Inc.",2019-01-01 00:00:00-05:00,2019,1,1,174.54666137695312,156.5,181.25,148.82000732421875,58161900,354496073,61876106013.390656,61.876106013390654,,,,,,,,72.48144,69.53053,20.155602,11.456512,,,,21.305623821908327,Healthcare,Medical Instruments & Supplies,United States,15638,2019-Q1
ISRG,"Intuitive Surgical, Inc.",2019-02-01 00:00:00-05:00,2019,1,2,182.5366668701172,174.28334045410156,186.31666564941406,167.3300018310547,34580400,354496073,64708531583.965744,64.70853158396575,,,,,,,,72.48144,69.53053,20.155602,11.456512,,,,28.41130827134819,Healthcare,Medical Instruments & Supplies,United States,15638,2019-Q1
ISRG,"Intuitive Surgical, Inc.",2019-03-01 00:00:00-05:00,2019,1,3,190.19332885742188,183.92999267578125,193.07666015625,174.55999755859375,35259600,354496073,67422788190.75363,67.42278819075364,,,,,,,,72.48144,69.53053,20.155602,11.456512,,,,38.21185089299011,Healthcare,Medical Instruments & Supplies,United States,15638,2019-Q1
ISRG,"Intuitive Surgical, Inc.",2019-04-01 00:00:00-04:00,2019,2,4,170.2100067138672,191.6666717529297,196.44000244140625,162.22000122070312,64814100,354496073,60338778965.36955,60.33877896536955,,,,,,,,72.48144,69.53053,20.155602,11.456512,,,,15.846912644799783,Healthcare,Medical Instruments & Supplies,United States,15638,2019-Q2
ISRG,"Intuitive Surgical, Inc.",2019-05-01 00:00:00-04:00,2019,2,5,154.9499969482422,170.5366668701172,170.6666717529297,154.31333923339844,47730600,354496073,54929165429.51384,54.92916542951384,,,,,,,,72.48144,69.53053,20.155602,11.456512,,,,1.126897149510575,Healthcare,Medical Instruments & Supplies,United States,15638,2019-Q2
ISRG,"Intuitive Surgical, Inc.",2019-06-01 00:00:00-04:00,2019,2,6,174.85000610351562,154.27999877929688,177.94000244140625,151.71665954589844,45320400,354496073,61983640527.72232,61.98364052772232,,,,,,,,72.48144,69.53053,20.155602,11.456512,,,,9.628411426679895,Healthcare,Medical Instruments & Supplies,United States,15638,2019-Q2
ISRG,"Intuitive Surgical, Inc.",2019-07-01 00:00:00-04:00,2019,3,7,173.1699981689453,177.3333282470703,181.61666870117188,171.4199981689453,40920000,354496073,61388084312.308304,61.3880843123083,,,,,,,,72.48144,69.53053,20.155602,11.456512,,,,2.227511759587375,Healthcare,Medical Instruments & Supplies,United States,15638,2019-Q3
ISRG,"Intuitive Surgical, Inc.",2019-08-01 00:00:00-04:00,2019,3,8,170.44667053222656,173.49667358398438,177.63333129882812,160.6666717529297,38987700,354496073,60422675359.59914,60.42267535959914,,,,,,,,72.48144,69.53053,20.155602,11.456512,,,,-8.689286131469565,Healthcare,Medical Instruments & Supplies,United States,15638,2019-Q3
ISRG,"Intuitive Surgical, Inc.",2019-09-01 00:00:00-04:00,2019,3,9,179.97666931152344,168.41000366210938,183.0,162.6666717529297,38222100,354496073,63801022502.55467,63.80102250255467,,,,,,,,72.48144,69.53053,20.155602,11.456512,,,,-5.935536186817347,Healthcare,Medical Instruments & Supplies,United States,15638,2019-Q3
ISRG,"Intuitive Surgical, Inc.",2019-10-01 00:00:00-04:00,2019,4,10,184.31666564941406,179.97999572753906,189.9933319091797,167.336669921875,41769300,354496073,65339534161.17128,65.33953416117129,,,,,,,,72.48144,69.53053,20.155602,11.456512,,,,6.095780446294552,Healthcare,Medical Instruments & Supplies,United States,15638,2019-Q4
ISRG,"Intuitive Surgical, Inc.",2019-11-01 00:00:00-04:00,2019,4,11,197.63333129882812,185.82000732421875,198.05667114257812,180.05667114257812,34327800,354496073,70060239839.34256,70.06023983934256,,,,,,,,72.48144,69.53053,20.155602,11.456512,,,,11.68459309243952,Healthcare,Medical Instruments & Supplies,United States,15638,2019-Q4
ISRG,"Intuitive Surgical, Inc.",2019-12-01 00:00:00-05:00,2019,4,12,197.0500030517578,197.3333282470703,200.53334045410156,190.85667419433594,31470900,354496073,69853452266.48616,69.85345226648616,,,,,,,,72.48144,69.53053,20.155602,11.456512,,,,23.433978830580692,Healthcare,Medical Instruments & Supplies,United States,15638,2019-Q4
ISRG,"Intuitive Surgical, Inc.",2020-01-01 00:00:00-05:00,2020,1,1,186.5933380126953,198.56666564941406,205.52000427246094,185.00999450683594,51242700,354496073,66146605573.46211,66.14660557346211,,,,,,,,72.48144,69.53053,20.155602,11.456512,,,,6.901694103289691,Healthcare,Medical Instruments & Supplies,United States,15638,2020-Q1
ISRG,"Intuitive Surgical, Inc.",2020-02-01 00:00:00-05:00,2020,1,2,177.98666381835938,187.43333435058594,206.3333282470703,172.85333251953125,41793000,354496073,63095573369.97958,63.09557336997958,,,,,,,,72.48144,69.53053,20.155602,11.456512,,,,-2.4926515476451305,Healthcare,Medical Instruments & Supplies,United States,15638,2020-Q1
ISRG,"Intuitive Surgical, Inc.",2020-03-01 00:00:00-05:00,2020,1,3,165.07000732421875,178.64999389648438,194.57333374023438,120.16666412353516,92745600,354496073,58516669366.516785,58.51666936651679,,,,,,,,72.48144,69.53053,20.155602,11.456512,,,,-13.209360014954463,Healthcare,Medical Instruments & Supplies,United States,15638,2020-Q1
ISRG,"Intuitive Surgical, Inc.",2020-04-01 00:00:00-04:00,2020,2,4,170.2933349609375,153.4199981689453,176.5,150.0,59168400,354496073,60368318501.72595,60.36831850172595,,,,,,,,72.48144,69.53053,20.155602,11.456512,,,,0.048956138760036794,Healthcare,Medical Instruments & Supplies,United States,15638,2020-Q2
ISRG,"Intuitive Surgical, Inc.",2020-05-01 00:00:00-04:00,2020,2,5,193.3433380126953,167.6666717529297,195.20333862304688,164.0,38690700,354496073,68539454066.21211,68.53945406621212,,,,,,,,72.48144,69.53053,20.155602,11.456512,,,,24.777890816788872,Healthcare,Medical Instruments & Supplies,United States,15638,2020-Q2
ISRG,"Intuitive Surgical, Inc.",2020-06-01 00:00:00-04:00,2020,2,6,189.94332885742188,191.60000610351562,200.40333557128906,181.00999450683594,43141200,354496073,67334164172.50363,67.33416417250363,,,,,,,,72.48144,69.53053,20.155602,11.456512,,,,8.632154547921855,Healthcare,Medical Instruments & Supplies,United States,15638,2020-Q2
ISRG,"Intuitive Surgical, Inc.",2020-07-01 00:00:00-04:00,2020,3,7,228.47999572753906,190.6666717529297,234.6666717529297,188.73666381835938,45377100,354496073,80995261244.46938,80.99526124446938,,,,,,,,72.48144,69.53053,20.155602,11.456512,,,,31.93971134921021,Healthcare,Medical Instruments & Supplies,United States,15638,2020-Q3
ISRG,"Intuitive Surgical, Inc.",2020-08-01 00:00:00-04:00,2020,3,8,243.6133270263672,228.5833282470703,244.81666564941406,223.8733367919922,28664400,354496073,86359967761.31194,86.35996776131194,,,,,,,,72.48144,69.53053,20.155602,11.456512,,,,42.92642165768026,Healthcare,Medical Instruments & Supplies,United States,15638,2020-Q3
ISRG,"Intuitive Surgical, Inc.",2020-09-01 00:00:00-04:00,2020,3,9,236.51333618164062,244.14999389648438,259.6099853515625,211.09666442871094,45695100,354496073,83843048888.52042,83.84304888852041,,,,,,,,72.48144,69.53053,20.155602,11.456512,,,,31.413331009175028,Healthcare,Medical Instruments & Supplies,United States,15638,2020-Q3
ISRG,"Intuitive Surgical, Inc.",2020-10-01 00:00:00-04:00,2020,4,10,222.36000061035156,237.70333862304688,257.2066650390625,217.6666717529297,36901200,354496073,78825747008.64723,78.82574700864723,,,,,,,,72.48144,69.53053,20.155602,11.456512,,,,20.64020354692133,Healthcare,Medical Instruments & Supplies,United States,15638,2020-Q4
ISRG,"Intuitive Surgical, Inc.",2020-11-01 00:00:00-04:00,2020,4,11,242.01666259765625,226.8733367919922,264.17999267578125,223.09666442871094,32064900,354496073,85793956491.43512,85.79395649143513,,,,,,,,72.48144,69.53053,20.155602,11.456512,,,,22.457411918903027,Healthcare,Medical Instruments & Supplies,United States,15638,2020-Q4
ISRG,"Intuitive Surgical, Inc.",2020-12-01 00:00:00-05:00,2020,4,12,272.70001220703125,244.43333435058594,275.60333251953125,240.61666870117188,32931900,354496073,96671083434.44464,96.67108343444464,,,,,,,,72.48144,69.53053,20.155602,11.456512,,,,38.39127530254489,Healthcare,Medical Instruments & Supplies,United States,15638,2020-Q4
ISRG,"Intuitive Surgical, Inc.",2021-01-01 00:00:00-05:00,2021,1,1,249.2133331298828,275.2799987792969,275.2799987792969,245.2133331298828,40923300,354496073,88345147933.78426,88.34514793378426,,,,,,,,72.48144,69.53053,20.155602,11.456512,,,,33.55960924656753,Healthcare,Medical Instruments & Supplies,United States,15638,2021-Q1
ISRG,"Intuitive Surgical, Inc.",2021-02-01 00:00:00-05:00,2021,1,2,245.60000610351562,250.6666717529297,270.92999267578125,242.10333251953125,31698600,354496073,87064237692.47232,87.06423769247232,,,,,,,,72.48144,69.53053,20.155602,11.456512,,,,37.98786989690286,Healthcare,Medical Instruments & Supplies,United States,15638,2021-Q1
ISRG,"Intuitive Surgical, Inc.",2021-03-01 00:00:00-05:00,2021,1,3,246.31333923339844,249.67999267578125,253.58999633789062,227.46665954589844,37440900,354496073,87317111485.75658,87.31711148575657,,,,,,,,72.48144,69.53053,20.155602,11.456512,,,,49.21750063874857,Healthcare,Medical Instruments & Supplies,United States,15638,2021-Q1
ISRG,"Intuitive Surgical, Inc.",2021-04-01 00:00:00-04:00,2021,2,4,288.3333435058594,249.99667358398438,297.92999267578125,248.6266632080078,37205700,354496073,102213037987.7872,102.2130379877872,,,,,,,,72.48144,69.53053,20.155602,11.456512,,,,69.31569492840006,Healthcare,Medical Instruments & Supplies,United States,15638,2021-Q2
ISRG,"Intuitive Surgical, Inc.",2021-05-01 00:00:00-04:00,2021,2,5,280.7266540527344,291.15667724609375,291.663330078125,265.9033203125,35304300,354496073,99516496448.12387,99.51649644812387,,,,,,,,72.48144,69.53053,20.155602,11.456512,,,,45.19592810293847,Healthcare,Medical Instruments & Supplies,United States,15638,2021-Q2
ISRG,"Intuitive Surgical, Inc.",2021-06-01 00:00:00-04:00,2021,2,6,306.5466613769531,284.25665283203125,308.67999267578125,270.3699951171875,29655600,354496073,108669587649.39066,108.66958764939065,,,,,,,,72.48144,69.53053,20.155602,11.456512,,,,61.38848530292833,Healthcare,Medical Instruments & Supplies,United States,15638,2021-Q2
ISRG,"Intuitive Surgical, Inc.",2021-07-01 00:00:00-04:00,2021,3,7,330.4866638183594,305.84332275390625,331.6966552734375,305.4966735839844,29490300,354496073,117156224502.47958,117.15622450247959,,,,,,,,72.48144,69.53053,20.155602,11.456512,,,,44.64577643482741,Healthcare,Medical Instruments & Supplies,United States,15638,2021-Q3
ISRG,"Intuitive Surgical, Inc.",2021-08-01 00:00:00-04:00,2021,3,8,351.1866760253906,331.9966735839844,353.9433288574219,328.6766662597656,30130800,354496073,124494297540.92422,124.49429754092422,,,,,,,,72.48144,69.53053,20.155602,11.456512,,,,44.15741548793854,Healthcare,Medical Instruments & Supplies,United States,15638,2021-Q3
ISRG,"Intuitive Surgical, Inc.",2021-09-01 00:00:00-04:00,2021,3,9,331.3833312988281,351.6666564941406,362.336669921875,326.1766662597656,34108500,354496073,117474089603.09256,117.47408960309257,,,,,,,,72.48144,69.53053,20.155602,11.456512,,,,40.11190093920454,Healthcare,Medical Instruments & Supplies,United States,15638,2021-Q3
ISRG,"Intuitive Surgical, Inc.",2021-10-01 00:00:00-04:00,2021,4,10,361.1300048828125,331.3333435058594,362.6700134277344,321.0533447265625,36482200,354496073,128019168573.42786,128.01916857342786,,,,,,,,72.48144,69.53053,20.155602,11.456512,,,,62.40780890967525,Healthcare,Medical Instruments & Supplies,United States,15638,2021-Q4
ISRG,"Intuitive Surgical, Inc.",2021-11-01 00:00:00-04:00,2021,4,11,324.3399963378906,361.69000244140625,369.69000244140625,321.5,29189900,354496073,114977255018.61661,114.9772550186166,,,,,,,,72.48144,69.53053,20.155602,11.456512,,,,34.01556440644497,Healthcare,Medical Instruments & Supplies,United States,15638,2021-Q4
ISRG,"Intuitive Surgical, Inc.",2021-12-01 00:00:00-05:00,2021,4,12,359.29998779296875,328.6099853515625,369.2099914550781,313.69000244140625,35710000,354496073,127370434701.55536,127.37043470155535,,,,,,,,72.48144,69.53053,20.155602,11.456512,,,,31.756498609978646,Healthcare,Medical Instruments & Supplies,United States,15638,2021-Q4
ISRG,"Intuitive Surgical, Inc.",2022-01-01 00:00:00-05:00,2022,1,1,284.17999267578125,358.6499938964844,362.0,254.1999969482422,50011100,354496073,100740691428.73322,100.74069142873321,,,,,,,,72.48144,69.53053,20.155602,11.456512,,,,14.030814124890668,Healthcare,Medical Instruments & Supplies,United States,15638,2022-Q1
ISRG,"Intuitive Surgical, Inc.",2022-02-01 00:00:00-05:00,2022,1,2,290.3299865722656,285.17999267578125,295.260009765625,266.0199890136719,36470300,354496073,102920840114.0109,102.9208401140109,,,,,,,,72.48144,69.53053,20.155602,11.456512,,,,18.21253231154123,Healthcare,Medical Instruments & Supplies,United States,15638,2022-Q1
ISRG,"Intuitive Surgical, Inc.",2022-03-01 00:00:00-05:00,2022,1,3,301.67999267578125,289.9599914550781,307.8500061035156,262.5299987792969,48183600,354496073,106944372706.23322,106.94437270623321,,,,,,,,72.48144,69.53053,20.155602,11.456512,,,,22.47813846164426,Healthcare,Medical Instruments & Supplies,United States,15638,2022-Q1
ISRG,"Intuitive Surgical, Inc.",2022-04-01 00:00:00-04:00,2022,2,4,239.3000030517578,304.0,308.9700012207031,235.07000732421875,44928800,354496073,84830911350.73616,84.83091135073616,,,,,,,,72.48144,69.53053,20.155602,11.456512,,,,-17.005782216479982,Healthcare,Medical Instruments & Supplies,United States,15638,2022-Q2
ISRG,"Intuitive Surgical, Inc.",2022-05-01 00:00:00-04:00,2022,2,5,227.63999938964844,239.99000549316406,246.99000549316406,206.60000610351562,44951100,354496073,80697485841.35277,80.69748584135277,,,,,,,,72.48144,69.53053,20.155602,11.456512,,,,-18.910443271665123,Healthcare,Medical Instruments & Supplies,United States,15638,2022-Q2
ISRG,"Intuitive Surgical, Inc.",2022-06-01 00:00:00-04:00,2022,2,6,200.7100067138672,227.74000549316406,230.0,186.8300018310547,44228900,354496073,71150909191.86955,71.15090919186956,,,,,,,,72.48144,69.53053,20.155602,11.456512,,,,-34.52546316690793,Healthcare,Medical Instruments & Supplies,United States,15638,2022-Q2
ISRG,"Intuitive Surgical, Inc.",2022-07-01 00:00:00-04:00,2022,3,7,230.1699981689453,201.07000732421875,231.25999450683594,196.10000610351562,42195600,354496073,81594360473.3083,81.5943604733083,,,,,,,,72.48144,69.53053,20.155602,11.456512,,,,-30.354225036006188,Healthcare,Medical Instruments & Supplies,United States,15638,2022-Q3
ISRG,"Intuitive Surgical, Inc.",2022-08-01 00:00:00-04:00,2022,3,8,205.74000549316406,227.30999755859375,245.36000061035156,205.19000244140625,41210000,354496073,72934024006.32509,72.93402400632509,,,,,,,,72.48144,69.53053,20.155602,11.456512,,,,-41.415771286753156,Healthcare,Medical Instruments & Supplies,United States,15638,2022-Q3
ISRG,"Intuitive Surgical, Inc.",2022-09-01 00:00:00-04:00,2022,3,9,187.44000244140625,203.85000610351562,223.41000366210938,184.94000244140625,38130500,354496073,66446744788.58893,66.44674478858893,,,,,,,,72.48144,69.53053,20.155602,11.456512,,,,-43.43710599240116,Healthcare,Medical Instruments & Supplies,United States,15638,2022-Q3
ISRG,"Intuitive Surgical, Inc.",2022-10-01 00:00:00-04:00,2022,4,10,246.47000122070312,189.39999389648438,249.13999938964844,180.07000732421875,55366800,354496073,87372647545.04446,87.37264754504446,,,,,,,,72.48144,69.53053,20.155602,11.456512,,,,-31.750339797801296,Healthcare,Medical Instruments & Supplies,United States,15638,2022-Q4
ISRG,"Intuitive Surgical, Inc.",2022-11-01 00:00:00-04:00,2022,4,11,270.3900146484375,248.07000732421875,270.4800109863281,231.07000732421875,43128200,354496073,95852198371.28357,95.85219837128356,,,,,,,,72.48144,69.53053,20.155602,11.456512,,,,-16.633773909662743,Healthcare,Medical Instruments & Supplies,United States,15638,2022-Q4
ISRG,"Intuitive Surgical, Inc.",2022-12-01 00:00:00-05:00,2022,4,12,265.3500061035156,270.3900146484375,285.0899963378906,257.760009765625,39113300,354496073,94065535134.22232,94.06553513422232,,,,,,,,72.48144,69.53053,20.155602,11.456512,,,,-26.14806147546762,Healthcare,Medical Instruments & Supplies,United States,15638,2022-Q4
ISRG,"Intuitive Surgical, Inc.",2023-01-01 00:00:00-05:00,2023,1,1,245.69000244140625,269.5899963378906,273.5799865722656,238.83999633789062,41009700,354496073,87096141040.83893,87.09614104083893,,,,,,,,72.48144,69.53053,20.155602,11.456512,,,,-13.544229441334366,Healthcare,Medical Instruments & Supplies,United States,15638,2023-Q1
ISRG,"Intuitive Surgical, Inc.",2023-02-01 00:00:00-05:00,2023,1,2,229.38999938964844,246.8000030517578,261.95001220703125,228.74000549316406,28735900,354496073,81317853969.10277,81.31785396910277,,,,,,,,72.48144,69.53053,20.155602,11.456512,,,,-20.9899045917011,Healthcare,Medical Instruments & Supplies,United States,15638,2023-Q1
ISRG,"Intuitive Surgical, Inc.",2023-03-01 00:00:00-05:00,2023,1,3,255.47000122070312,228.47000122070312,259.0199890136719,222.64999389648438,36625300,354496073,90563112202.04446,90.56311220204446,,,,,,,,72.48144,69.53053,20.155602,11.456512,,,,-15.317552564627812,Healthcare,Medical Instruments & Supplies,United States,15638,2023-Q1
ISRG,"Intuitive Surgical, Inc.",2023-04-01 00:00:00-04:00,2023,2,4,301.2200012207031,254.3000030517578,304.8399963378906,250.00999450683594,36696600,354496073,106781307541.79446,106.78130754179446,,,,,,,,72.48144,69.53053,20.155602,11.456512,,,,25.875469026029528,Healthcare,Medical Instruments & Supplies,United States,15638,2023-Q2
ISRG,"Intuitive Surgical, Inc.",2023-05-01 00:00:00-04:00,2023,2,5,307.8399963378906,301.0,317.80999755859375,297.3800048828125,30366600,354496073,109128069814.11661,109.12806981411661,,,,,,,,72.48144,69.53053,20.155602,11.456512,,,,35.231065350235255,Healthcare,Medical Instruments & Supplies,United States,15638,2023-Q2
ISRG,"Intuitive Surgical, Inc.",2023-06-01 00:00:00-04:00,2023,2,6,341.94000244140625,308.0,344.0799865722656,304.7900085449219,30571800,354496073,121216388067.08893,121.21638806708893,,,,,,,,72.48144,69.53053,20.155602,11.456512,,,,70.36519904504661,Healthcare,Medical Instruments & Supplies,United States,15638,2023-Q2
ISRG,"Intuitive Surgical, Inc.",2023-07-01 00:00:00-04:00,2023,3,7,324.3999938964844,339.9200134277344,358.07000732421875,321.9100036621094,45109200,354496073,114998523917.52768,114.99852391752768,,,,,,,,72.48144,69.53053,20.155602,11.456512,,,,40.93930420000873,Healthcare,Medical Instruments & Supplies,United States,15638,2023-Q3
ISRG,"Intuitive Surgical, Inc.",2023-08-01 00:00:00-04:00,2023,3,8,312.67999267578125,322.0,324.5199890136719,282.5,37627000,354496073,110843829509.23322,110.84382950923322,,,,,,,,72.48144,69.53053,20.155602,11.456512,,,,51.97821732641608,Healthcare,Medical Instruments & Supplies,United States,15638,2023-Q3
ISRG,"Intuitive Surgical, Inc.",2023-09-01 00:00:00-04:00,2023,3,9,292.2900085449219,317.54998779296875,318.20001220703125,283.739990234375,29756300,354496073,103615660206.31125,103.61566020631125,,,,,,,,72.48144,69.53053,20.155602,11.456512,,,,55.93790265570004,Healthcare,Medical Instruments & Supplies,United States,15638,2023-Q3
ISRG,"Intuitive Surgical, Inc.",2023-10-01 00:00:00-04:00,2023,4,10,262.2200012207031,291.9599914550781,301.07000732421875,254.85000610351562,53562000,354496073,92955960694.79446,92.95596069479447,,,,,,,,72.48144,69.53053,20.155602,11.456512,,,,6.390230016632548,Healthcare,Medical Instruments & Supplies,United States,15638,2023-Q4
ISRG,"Intuitive Surgical, Inc.",2023-11-01 00:00:00-04:00,2023,4,11,310.8399963378906,262.1700134277344,318.260009765625,262.0,34859900,354496073,110191558033.11661,110.1915580331166,,,,,,,,72.48144,69.53053,20.155602,11.456512,,,,14.959865194003697,Healthcare,Medical Instruments & Supplies,United States,15638,2023-Q4
ISRG,"Intuitive Surgical, Inc.",2023-12-01 00:00:00-05:00,2023,4,12,337.3599853515625,310.5899963378906,340.489990234375,304.5,30625700,354496073,119592789994.46643,119.59278999446643,,,,,,,,72.48144,69.53053,20.155602,11.456512,,,,27.137734159295658,Healthcare,Medical Instruments & Supplies,United States,15638,2023-Q4
ISRG,"Intuitive Surgical, Inc.",2024-01-01 00:00:00-05:00,2024,1,1,378.2200012207031,333.0,384.0,320.260009765625,42551200,354496073,134077505162.79446,134.07750516279447,,,,,,,,72.48144,69.53053,20.155602,11.456512,,,,53.94195834684137,Healthcare,Medical Instruments & Supplies,United States,15638,2024-Q1
ISRG,"Intuitive Surgical, Inc.",2024-02-01 00:00:00-05:00,2024,1,2,385.6000061035156,378.4100036621094,392.0,371.0,27457500,354496073,136693687912.47232,136.6936879124723,,,,,,,,72.48144,69.53053,20.155602,11.456512,,,,68.0980021489622,Healthcare,Medical Instruments & Supplies,United States,15638,2024-Q1
ISRG,"Intuitive Surgical, Inc.",2024-03-01 00:00:00-05:00,2024,1,3,399.0899963378906,383.4800109863281,403.760009765625,376.6000061035156,32141600,354496073,141475836475.3666,141.4758364753666,,,,,,,,72.48144,69.53053,20.155602,11.456512,,,,56.21794904722013,Healthcare,Medical Instruments & Supplies,United States,15638,2024-Q1
ISRG,"Intuitive Surgical, Inc.",2024-04-01 00:00:00-04:00,2024,2,4,370.6199951171875,399.0,399.6400146484375,364.1700134277344,34413900,354496073,131383332844.32214,131.38333284432215,2009900000.0,2009.9,1372700000.0,526900000.0,567300000.0,679100000.0,16.342023588775827,72.48144,69.53053,20.155602,11.456512,,,,23.039636682570475,Healthcare,Medical Instruments & Supplies,United States,15638,2024-Q2
ISRG,"Intuitive Surgical, Inc.",2024-05-01 00:00:00-04:00,2024,2,5,402.1199951171875,369.57000732421875,412.2900085449219,367.3900146484375,24250800,354496073,142549959143.82214,142.54995914382215,2009900000.0,2009.9,1372700000.0,526900000.0,567300000.0,679100000.0,17.730976559010664,72.48144,69.53053,20.155602,11.456512,,0.0,,30.626299344096108,Healthcare,Medical Instruments & Supplies,United States,15638,2024-Q2
ISRG,"Intuitive Surgical, Inc.",2024-06-01 00:00:00-04:00,2024,2,6,444.8500061035156,402.8900146484375,447.1099853515625,397.4700012207031,28401600,354496073,157697580237.72232,157.69758023772232,2009900000.0,2009.9,1372700000.0,526900000.0,567300000.0,679100000.0,19.615102770998845,72.48144,69.53053,20.155602,11.456512,,0.0,,30.095924117490092,Healthcare,Medical Instruments & Supplies,United States,15638,2024-Q2
ISRG,"Intuitive Surgical, Inc.",2024-07-01 00:00:00-04:00,2024,3,7,444.6099853515625,445.8500061035156,468.7799987792969,413.82000732421875,38439900,354496073,157612493823.71643,157.61249382371642,2038100000.0,2038.1,1373900000.0,565100000.0,577300000.0,693500000.0,19.333263066546838,72.48144,69.53053,20.155602,11.456512,,1.4030548783521501,,37.0561016389652,Healthcare,Medical Instruments & Supplies,United States,15638,2024-Q3
ISRG,"Intuitive Surgical, Inc.",2024-08-01 00:00:00-04:00,2024,3,8,492.6300048828125,443.29998779296875,493.9700012207031,429.6000061035156,27828800,354496073,174635402172.92786,174.63540217292785,2038100000.0,2038.1,1373900000.0,565100000.0,577300000.0,693500000.0,21.421348581145168,72.48144,69.53053,20.155602,11.456512,,0.0,1.4030548783521501,57.55085596206404,Healthcare,Medical Instruments & Supplies,United States,15638,2024-Q3
ISRG,"Intuitive Surgical, Inc.",2024-09-01 00:00:00-04:00,2024,3,9,491.2699890136719,491.6700134277344,496.17999267578125,466.0,24815000,354496073,174153281888.09982,174.15328188809983,2038100000.0,2038.1,1373900000.0,565100000.0,577300000.0,693500000.0,21.362210132979225,72.48144,69.53053,20.155602,11.456512,,0.0,1.4030548783521501,68.07621699397531,Healthcare,Medical Instruments & Supplies,United States,15638,2024-Q3
ISRG,"Intuitive Surgical, Inc.",2024-10-01 00:00:00-04:00,2024,4,10,503.8399963378906,492.5,523.3400268554688,470.05999755859375,28229400,354496073,178609300122.1166,178.6093001221166,2413500000.0,2413.5,1642200000.0,685700000.0,734900000.0,859600000.0,18.50106692791761,72.48144,69.53053,20.155602,11.456512,,18.41911584318727,20.080601024926615,92.14399892928947,Healthcare,Medical Instruments & Supplies,United States,15638,2024-Q4
ISRG,"Intuitive Surgical, Inc.",2024-11-01 00:00:00-04:00,2024,4,11,542.0,502.0199890136719,552.0,502.010009765625,26787000,354496073,192136871566.0,192.136871566,2413500000.0,2413.5,1642200000.0,685700000.0,734900000.0,859600000.0,19.90230697804019,72.48144,69.53053,20.155602,11.456512,,0.0,18.41911584318727,74.36623548625731,Healthcare,Medical Instruments & Supplies,United States,15638,2024-Q4
ISRG,"Intuitive Surgical, Inc.",2024-12-01 00:00:00-05:00,2024,4,12,521.9600219726562,546.2999877929688,556.22998046875,516.1799926757812,27226200,354496073,185032778052.30035,185.03277805230036,2413500000.0,2413.5,1642200000.0,685700000.0,734900000.0,859600000.0,19.166436508421416,72.48144,69.53053,20.155602,11.456512,,0.0,18.41911584318727,54.71900777702557,Healthcare,Medical Instruments & Supplies,United States,15638,2024-Q4
ISRG,"Intuitive Surgical, Inc.",2025-01-01 00:00:00-05:00,2025,1,1,571.8800048828125,521.1900024414062,616.0,520.9199829101562,40151700,354496073,202729215958.17786,202.72921595817786,2253400000.0,2253.4,1457700000.0,698400000.0,578100000.0,719000000.0,22.4914813124809,72.48144,69.53053,20.155602,11.456512,,-6.6335197845452605,10.563760365045871,51.20300434590257,Healthcare,Medical Instruments & Supplies,United States,15638,2025-Q1
ISRG,"Intuitive Surgical, Inc.",2025-02-01 00:00:00-05:00,2025,1,2,573.1500244140625,564.8699951171875,609.0800170898438,556.2000122070312,27457000,354496073,203179432894.63928,203.1794328946393,2253400000.0,2253.4,1457700000.0,698400000.0,578100000.0,719000000.0,22.541429938608246,72.48144,69.53053,20.155602,11.456512,,0.0,-6.6335197845452605,48.63848945588409,Healthcare,Medical Instruments & Supplies,United States,15638,2025-Q1
ISRG,"Intuitive Surgical, Inc.",2025-03-01 00:00:00-05:00,2025,1,3,495.2699890136719,573.780029296875,584.9000244140625,474.3699951171875,55862300,354496073,175571266180.09982,175.57126618009983,2253400000.0,2253.4,1457700000.0,698400000.0,578100000.0,719000000.0,19.478484310386506,72.48144,69.53053,20.155602,11.456512,,0.0,-6.6335197845452605,24.099825492581427,Healthcare,Medical Instruments & Supplies,United States,15638,2025-Q1
ISRG,"Intuitive Surgical, Inc.",2025-04-01 00:00:00-04:00,2025,2,4,515.7999877929688,492.260009765625,529.1900024414062,425.0,55166900,354496073,182849070126.05536,182.84907012605535,2440000000.0,2440.0,1617900000.0,658400000.0,743400000.0,898700000.0,18.734535873571247,72.48144,69.53053,20.155602,11.456512,,8.280820094080067,1.0979904702713927,39.17219647846477,Healthcare,Medical Instruments & Supplies,United States,15638,2025-Q2
ISRG,"Intuitive Surgical, Inc.",2025-05-01 00:00:00-04:00,2025,2,5,552.3400268554688,518.1199951171875,568.6900024414062,512.6699829101562,29438800,354496073,195802370480.9782,195.8023704809782,2440000000.0,2440.0,1617900000.0,658400000.0,743400000.0,898700000.0,20.06171828698547,72.48144,69.53053,20.155602,11.456512,,0.0,8.280820094080067,37.35701620470364,Healthcare,Medical Instruments & Supplies,United States,15638,2025-Q2
ISRG,"Intuitive Surgical, Inc.",2025-06-01 00:00:00-04:00,2025,2,6,543.4099731445312,549.0599975585938,564.1500244140625,498.1700134277344,35936300,354496073,192636701508.7718,192.63670150877178,2440000000.0,2440.0,1617900000.0,658400000.0,743400000.0,898700000.0,19.737366957865962,72.48144,69.53053,20.155602,11.456512,,0.0,8.280820094080067,22.15577513515441,Healthcare,Medical Instruments & Supplies,United States,15638,2025-Q2
ISRG,"Intuitive Surgical, Inc.",2025-07-01 00:00:00-04:00,2025,3,7,481.0899963378906,542.5800170898438,550.7000122070312,479.6000061035156,43788200,354496073,170544514461.3666,170.54451446136662,,,,,,,,72.48144,69.53053,20.155602,11.456512,,0.0,8.280820094080067,8.204946399816592,Healthcare,Medical Instruments & Supplies,United States,15638,2025-Q3
ISRG,"Intuitive Surgical, Inc.",2025-08-01 00:00:00-04:00,2025,3,8,473.29998779296875,475.4599914550781,490.0,461.25,40360900,354496073,167782987023.55536,167.78298702355536,,,,,,,,72.48144,69.53053,20.155602,11.456512,,0.0,0.0,-3.923840792937894,Healthcare,Medical Instruments & Supplies,United States,15638,2025-Q3
ISRG,"Intuitive Surgical, Inc.",2025-09-01 00:00:00-04:00,2025,3,9,447.2300109863281,470.55999755859375,472.69000244140625,429.7200012207031,55607800,354496073,158541282622.40018,158.5412826224002,,,,,,,,72.48144,69.53053,20.155602,11.456512,,0.0,0.0,-8.964516256277587,Healthcare,Medical Instruments & Supplies,United States,15638,2025-Q3
ISRG,"Intuitive Surgical, Inc.",2025-10-01 00:00:00-04:00,2025,4,10,546.510009765625,447.0,552.5,427.8399963378906,53097049,354496073,193735652317.1057,193.73565231710572,,,,,,,,72.48144,69.53053,20.155602,11.456512,,0.0,0.0,8.46896112612674,Healthcare,Medical Instruments & Supplies,United States,15638,2025-Q4
