ticker,company_name,date,year,quarter,month,close_price,open_price,high_price,low_price,volume,shares_outstanding,market_cap,market_cap_billions,revenue,revenue_millions,gross_profit,net_income,operating_income,ebitda,ps_ratio,current_pe,forward_pe,current_ps,current_pb,peg_ratio,revenue_qoq_pct,revenue_yoy_pct,market_cap_yoy_pct,sector,industry,country,employees,year_quarter
LPSN,LIVEPERSON INC,2015-01-01 00:00:00-05:00,2015,1,1,10.699999809265137,14.130000114440918,14.270000457763672,10.5,8736800,150594095,1611356787.7764559,1.6113567877764559,,,,,,,,,-0.67037034,0.3009111,-0.6365768,,,,,Technology,Software - Application,United States,893,2015-Q1
LPSN,LIVEPERSON INC,2015-02-01 00:00:00-05:00,2015,1,2,11.539999961853027,10.649999618530273,11.739999771118164,9.210000038146973,7755700,150594095,1737855850.5552912,1.7378558505552912,,,,,,,,,-0.67037034,0.3009111,-0.6365768,,,,,Technology,Software - Application,United States,893,2015-Q1
LPSN,LIVEPERSON INC,2015-03-01 00:00:00-05:00,2015,1,3,10.239999771118164,11.5600004196167,11.770000457763672,10.229999542236328,5246600,150594095,1542083498.331747,1.542083498331747,,,,,,,,,-0.67037034,0.3009111,-0.6365768,,,,,Technology,Software - Application,United States,893,2015-Q1
LPSN,LIVEPERSON INC,2015-04-01 00:00:00-04:00,2015,2,4,9.399999618530273,10.1899995803833,10.40999984741211,8.989999771118164,7196800,150594095,1415584435.5529118,1.4155844355529117,,,,,,,,,-0.67037034,0.3009111,-0.6365768,,,,,Technology,Software - Application,United States,893,2015-Q2
LPSN,LIVEPERSON INC,2015-05-01 00:00:00-04:00,2015,2,5,9.569999694824219,9.40999984741211,10.470000267028809,8.100000381469727,10989900,150594095,1441185443.1923294,1.4411854431923294,,,,,,,,,-0.67037034,0.3009111,-0.6365768,,,,,Technology,Software - Application,United States,893,2015-Q2
LPSN,LIVEPERSON INC,2015-06-01 00:00:00-04:00,2015,2,6,9.8100004196167,9.680000305175781,10.65999984741211,9.520000457763672,7025800,150594095,1477328135.141797,1.477328135141797,,,,,,,,,-0.67037034,0.3009111,-0.6365768,,,,,Technology,Software - Application,United States,893,2015-Q2
LPSN,LIVEPERSON INC,2015-07-01 00:00:00-04:00,2015,3,7,9.609999656677246,9.890000343322754,10.270000457763672,7.849999904632568,6306600,150594095,1447209201.2476206,1.4472092012476205,,,,,,,,,-0.67037034,0.3009111,-0.6365768,,,,,Technology,Software - Application,United States,893,2015-Q3
LPSN,LIVEPERSON INC,2015-08-01 00:00:00-04:00,2015,3,8,9.149999618530273,9.630000114440918,9.699999809265137,8.1899995803833,4759400,150594095,1377935911.8029118,1.3779359118029118,,,,,,,,,-0.67037034,0.3009111,-0.6365768,,,,,Technology,Software - Application,United States,893,2015-Q3
LPSN,LIVEPERSON INC,2015-09-01 00:00:00-04:00,2015,3,9,7.559999942779541,9.079999923706055,9.1899995803833,7.489999771118164,11813100,150594095,1138491349.5829368,1.1384913495829367,,,,,,,,,-0.67037034,0.3009111,-0.6365768,,,,,Technology,Software - Application,United States,893,2015-Q3
LPSN,LIVEPERSON INC,2015-10-01 00:00:00-04:00,2015,4,10,7.800000190734863,7.480000019073486,8.270000457763672,7.21999979019165,5761800,150594095,1174633969.7235441,1.1746339697235442,,,,,,,,,-0.67037034,0.3009111,-0.6365768,,,,,Technology,Software - Application,United States,893,2015-Q4
LPSN,LIVEPERSON INC,2015-11-01 00:00:00-04:00,2015,4,11,7.800000190734863,7.769999980926514,8.359999656677246,7.099999904632568,6806500,150594095,1174633969.7235441,1.1746339697235442,,,,,,,,,-0.67037034,0.3009111,-0.6365768,,,,,Technology,Software - Application,United States,893,2015-Q4
LPSN,LIVEPERSON INC,2015-12-01 00:00:00-05:00,2015,4,12,6.75,7.800000190734863,7.929999828338623,6.730000019073486,7386500,150594095,1016510141.25,1.01651014125,,,,,,,,,-0.67037034,0.3009111,-0.6365768,,,,,Technology,Software - Application,United States,893,2015-Q4
LPSN,LIVEPERSON INC,2016-01-01 00:00:00-05:00,2016,1,1,5.659999847412109,6.730000019073486,6.860000133514404,5.53000020980835,5877800,150594095,852362554.7211647,0.8523625547211647,,,,,,,,,-0.67037034,0.3009111,-0.6365768,,,,-47.1028042214439,Technology,Software - Application,United States,893,2016-Q1
LPSN,LIVEPERSON INC,2016-02-01 00:00:00-05:00,2016,1,2,5.130000114440918,5.659999847412109,5.769999980926514,3.740000009536743,7057100,150594095,772547724.5841265,0.7725477245841265,,,,,,,,,-0.67037034,0.3009111,-0.6365768,,,,-55.54592607106758,Technology,Software - Application,United States,893,2016-Q1
LPSN,LIVEPERSON INC,2016-03-01 00:00:00-05:00,2016,1,3,5.849999904632568,5.159999847412109,6.039999961853027,4.96999979019165,6497800,150594095,880975441.3882279,0.8809754413882279,,,,,,,,,-0.67037034,0.3009111,-0.6365768,,,,-42.871093404392,Technology,Software - Application,United States,893,2016-Q1
LPSN,LIVEPERSON INC,2016-04-01 00:00:00-04:00,2016,2,4,6.050000190734863,5.820000171661377,6.570000171661377,5.610000133514404,6103500,150594095,911094303.4735441,0.9110943034735441,,,,,,,,,-0.67037034,0.3009111,-0.6365768,,,,-35.6382932313267,Technology,Software - Application,United States,893,2016-Q2
LPSN,LIVEPERSON INC,2016-05-01 00:00:00-04:00,2016,2,5,6.980000019073486,6.079999923706055,7.019999980926514,5.610000133514404,8258500,150594095,1051146785.9723544,1.0511467859723544,,,,,,,,,-0.67037034,0.3009111,-0.6365768,,,,-27.063738331689734,Technology,Software - Application,United States,893,2016-Q2
LPSN,LIVEPERSON INC,2016-06-01 00:00:00-04:00,2016,2,6,6.340000152587891,6.929999828338623,7.25,5.96999979019165,7032200,150594095,954766585.2788353,0.9547665852788353,,,,,,,,,-0.67037034,0.3009111,-0.6365768,,,,-35.37207052601114,Technology,Software - Application,United States,893,2016-Q2
LPSN,LIVEPERSON INC,2016-07-01 00:00:00-04:00,2016,3,7,6.679999828338623,6.360000133514404,7.829999923706055,6.179999828338623,6997500,150594095,1005968528.7488103,1.0059685287488103,,,,,,,,,-0.67037034,0.3009111,-0.6365768,,,,-30.489073184334536,Technology,Software - Application,United States,893,2016-Q3
LPSN,LIVEPERSON INC,2016-08-01 00:00:00-04:00,2016,3,8,7.789999961853027,6.679999828338623,8.020000457763672,6.570000171661377,5625100,150594095,1173127994.3052912,1.1731279943052912,,,,,,,,,-0.67037034,0.3009111,-0.6365768,,,,-14.863384845645456,Technology,Software - Application,United States,893,2016-Q3
LPSN,LIVEPERSON INC,2016-09-01 00:00:00-04:00,2016,3,9,8.40999984741211,7.690000057220459,8.600000381469727,7.579999923706055,5178500,150594095,1266496315.9711647,1.2664963159711646,,,,,,,,,-0.67037034,0.3009111,-0.6365768,,,,11.243385067011701,Technology,Software - Application,United States,893,2016-Q3
LPSN,LIVEPERSON INC,2016-10-01 00:00:00-04:00,2016,4,10,8.5,8.380000114440918,8.739999771118164,8.1899995803833,3123500,150594095,1280049807.5,1.2800498075,,,,,,,,,-0.67037034,0.3009111,-0.6365768,,,,8.974356309588604,Technology,Software - Application,United States,893,2016-Q4
LPSN,LIVEPERSON INC,2016-11-01 00:00:00-04:00,2016,4,11,8.0,8.399999618530273,8.850000381469727,7.449999809265137,5463900,150594095,1204752760.0,1.20475276,,,,,,,,,-0.67037034,0.3009111,-0.6365768,,,,2.564100056083385,Technology,Software - Application,United States,893,2016-Q4
LPSN,LIVEPERSON INC,2016-12-01 00:00:00-05:00,2016,4,12,7.550000190734863,8.0,8.649999618530273,7.300000190734863,5291800,150594095,1136985445.9735441,1.1369854459735442,,,,,,,,,-0.67037034,0.3009111,-0.6365768,,,,11.851854677553519,Technology,Software - Application,United States,893,2016-Q4
LPSN,LIVEPERSON INC,2017-01-01 00:00:00-05:00,2017,1,1,7.300000190734863,7.449999809265137,8.199999809265137,6.849999904632568,5530900,150594095,1099336922.2235441,1.099336922223544,,,,,,,,,-0.67037034,0.3009111,-0.6365768,,,,28.975271864584972,Technology,Software - Application,United States,893,2017-Q1
LPSN,LIVEPERSON INC,2017-02-01 00:00:00-05:00,2017,1,2,7.050000190734863,7.25,7.449999809265137,5.429999828338623,5936000,150594095,1061688398.4735441,1.0616883984735441,,,,,,,,,-0.67037034,0.3009111,-0.6365768,,,,37.42690123708101,Technology,Software - Application,United States,893,2017-Q1
LPSN,LIVEPERSON INC,2017-03-01 00:00:00-05:00,2017,1,3,6.849999904632568,7.199999809265137,7.550000190734863,6.480000019073486,6949000,150594095,1031569536.3882279,1.031569536388228,,,,,,,,,-0.67037034,0.3009111,-0.6365768,,,,17.094017372685897,Technology,Software - Application,United States,893,2017-Q1
LPSN,LIVEPERSON INC,2017-04-01 00:00:00-04:00,2017,2,4,7.050000190734863,6.75,7.349999904632568,6.480000019073486,4682800,150594095,1061688398.4735441,1.0616883984735441,,,,,,,,,-0.67037034,0.3009111,-0.6365768,,,,16.528925098736824,Technology,Software - Application,United States,893,2017-Q2
LPSN,LIVEPERSON INC,2017-05-01 00:00:00-04:00,2017,2,5,9.550000190734863,7.099999904632568,10.449999809265137,7.03000020980835,9257400,150594095,1438173635.9735441,1.4381736359735442,,,,,,,,,-0.67037034,0.3009111,-0.6365768,,,,36.81948659940713,Technology,Software - Application,United States,893,2017-Q2
LPSN,LIVEPERSON INC,2017-06-01 00:00:00-04:00,2017,2,6,11.0,9.5,11.949999809265137,9.449999809265137,10883000,150594095,1656535045.0,1.656535045,,,,,,,,,-0.67037034,0.3009111,-0.6365768,,,,73.50157311131875,Technology,Software - Application,United States,893,2017-Q2
LPSN,LIVEPERSON INC,2017-07-01 00:00:00-04:00,2017,3,7,13.550000190734863,11.0,14.050000190734863,10.699999809265137,9302300,150594095,2040550015.9735441,2.040550015973544,,,,,,,,,-0.67037034,0.3009111,-0.6365768,,,,102.84431944521279,Technology,Software - Application,United States,893,2017-Q3
LPSN,LIVEPERSON INC,2017-08-01 00:00:00-04:00,2017,3,8,13.399999618530273,13.600000381469727,13.729999542236328,12.600000381469727,7047300,150594095,2017960815.5529118,2.017960815552912,,,,,,,,,-0.67037034,0.3009111,-0.6365768,,,,72.01540030999925,Technology,Software - Application,United States,893,2017-Q3
LPSN,LIVEPERSON INC,2017-09-01 00:00:00-04:00,2017,3,9,13.550000190734863,13.399999618530273,14.0,12.899999618530273,6919500,150594095,2040550015.9735441,2.040550015973544,,,,,,,,,-0.67037034,0.3009111,-0.6365768,,,,61.11772219477998,Technology,Software - Application,United States,893,2017-Q3
LPSN,LIVEPERSON INC,2017-10-01 00:00:00-04:00,2017,4,10,14.050000190734863,13.550000190734863,15.100000381469727,13.550000190734863,9697500,150594095,2115847063.4735441,2.1158470634735442,,,,,,,,,-0.67037034,0.3009111,-0.6365768,,,,65.29411989099839,Technology,Software - Application,United States,893,2017-Q4
LPSN,LIVEPERSON INC,2017-11-01 00:00:00-04:00,2017,4,11,11.100000381469727,14.050000190734863,14.130000114440918,10.899999618530273,9785600,150594095,1671594511.9470882,1.6715945119470883,,,,,,,,,-0.67037034,0.3009111,-0.6365768,,,,38.75000476837158,Technology,Software - Application,United States,893,2017-Q4
LPSN,LIVEPERSON INC,2017-12-01 00:00:00-05:00,2017,4,12,11.5,11.100000381469727,12.449999809265137,10.899999618530273,8033400,150594095,1731832092.5,1.7318320925,,,,,,,,,-0.67037034,0.3009111,-0.6365768,,,,52.31787694671133,Technology,Software - Application,United States,893,2017-Q4
LPSN,LIVEPERSON INC,2018-01-01 00:00:00-05:00,2018,1,1,11.949999809265137,11.600000381469727,12.75,11.449999809265137,7886300,150594095,1799599406.5264559,1.7995994065264558,,,,,,,,,-0.67037034,0.3009111,-0.6365768,,,,63.698623247051934,Technology,Software - Application,United States,893,2018-Q1
LPSN,LIVEPERSON INC,2018-02-01 00:00:00-05:00,2018,1,2,14.449999809265137,11.949999809265137,14.949999809265137,10.800000190734863,9777200,150594095,2176084644.026456,2.176084644026456,,,,,,,,,-0.67037034,0.3009111,-0.6365768,,,,104.96453075640169,Technology,Software - Application,United States,893,2018-Q1
LPSN,LIVEPERSON INC,2018-03-01 00:00:00-05:00,2018,1,3,16.350000381469727,14.449999809265137,16.600000381469727,14.199999809265137,9657700,150594095,2462213510.6970882,2.4622135106970884,,,,,,,,,-0.67037034,0.3009111,-0.6365768,,,,138.68614027881122,Technology,Software - Application,United States,893,2018-Q1
LPSN,LIVEPERSON INC,2018-04-01 00:00:00-04:00,2018,2,4,16.799999237060547,16.350000381469727,17.149999618530273,14.8100004196167,7570800,150594095,2529980681.1058235,2.5299806811058234,,,,,,,,,-0.67037034,0.3009111,-0.6365768,,,,138.29785507153844,Technology,Software - Application,United States,893,2018-Q2
LPSN,LIVEPERSON INC,2018-05-01 00:00:00-04:00,2018,2,5,19.350000381469727,16.799999237060547,19.549999237060547,16.149999618530273,9473200,150594095,2913995795.6970882,2.913995795697088,,,,,,,,,-0.67037034,0.3009111,-0.6365768,,,,102.61780099483708,Technology,Software - Application,United States,893,2018-Q2
LPSN,LIVEPERSON INC,2018-06-01 00:00:00-04:00,2018,2,6,21.100000381469727,19.5,24.079999923706055,19.329999923706055,14438100,150594095,3177535461.9470882,3.1775354619470884,,,,,,,,,-0.67037034,0.3009111,-0.6365768,,,,91.81818528608842,Technology,Software - Application,United States,893,2018-Q2
LPSN,LIVEPERSON INC,2018-07-01 00:00:00-04:00,2018,3,7,23.200000762939453,21.0,24.729999542236328,20.850000381469727,9863600,150594095,3493783118.8941765,3.4937831188941764,,,,,,,,,-0.67037034,0.3009111,-0.6365768,,,,71.21771539754671,Technology,Software - Application,United States,893,2018-Q3
LPSN,LIVEPERSON INC,2018-08-01 00:00:00-04:00,2018,3,8,26.899999618530273,23.200000762939453,26.899999618530273,22.350000381469727,11027300,150594095,4050981098.0529118,4.050981098052912,,,,,,,,,-0.67037034,0.3009111,-0.6365768,,,,100.7462715247502,Technology,Software - Application,United States,893,2018-Q3
LPSN,LIVEPERSON INC,2018-09-01 00:00:00-04:00,2018,3,9,25.950000762939453,27.100000381469727,27.399999618530273,24.559999465942383,7300700,150594095,3907916880.1441765,3.9079168801441764,,,,,,,,,-0.67037034,0.3009111,-0.6365768,,,,91.51291806389337,Technology,Software - Application,United States,893,2018-Q3
LPSN,LIVEPERSON INC,2018-10-01 00:00:00-04:00,2018,4,10,22.600000381469727,26.190000534057617,26.239999771118164,20.239999771118164,10169400,150594095,3403426604.4470882,3.4034266044470884,,,,,,,,,-0.67037034,0.3009111,-0.6365768,,,,60.854093058113115,Technology,Software - Application,United States,893,2018-Q4
LPSN,LIVEPERSON INC,2018-11-01 00:00:00-04:00,2018,4,11,18.8700008392334,22.549999237060547,23.600000381469727,16.979999542236328,13752000,150594095,2841710699.033594,2.841710699033594,,,,,,,,,-0.67037034,0.3009111,-0.6365768,,,,70.00000171833204,Technology,Software - Application,United States,893,2018-Q4
LPSN,LIVEPERSON INC,2018-12-01 00:00:00-05:00,2018,4,12,18.860000610351562,19.229999542236328,20.290000915527344,17.15999984741211,8002600,150594095,2840204723.615341,2.8402047236153414,,,,,,,,,-0.67037034,0.3009111,-0.6365768,,,,64.00000530740488,Technology,Software - Application,United States,893,2018-Q4
LPSN,LIVEPERSON INC,2019-01-01 00:00:00-05:00,2019,1,1,23.469999313354492,18.5,23.610000610351562,17.780000686645508,8611300,150594095,3534443306.245241,3.534443306245241,,,,,,,,,-0.67037034,0.3009111,-0.6365768,,,,96.40167102896193,Technology,Software - Application,United States,893,2019-Q1
LPSN,LIVEPERSON INC,2019-02-01 00:00:00-05:00,2019,1,2,27.959999084472656,23.489999771118164,28.700000762939453,23.389999389648438,15679800,150594095,4210610758.326988,4.210610758326988,,,,,,,,,-0.67037034,0.3009111,-0.6365768,,,,93.4948059068146,Technology,Software - Application,United States,893,2019-Q1
LPSN,LIVEPERSON INC,2019-03-01 00:00:00-05:00,2019,1,3,29.020000457763672,28.219999313354492,30.280000686645508,26.229999542236328,16799400,150594095,4370240705.836506,4.370240705836506,,,,,,,,,-0.67037034,0.3009111,-0.6365768,,,,77.49235339867937,Technology,Software - Application,United States,893,2019-Q1
LPSN,LIVEPERSON INC,2019-04-01 00:00:00-04:00,2019,2,4,29.329999923706055,29.389999389648438,30.219999313354492,27.860000610351562,12987300,150594095,4416924794.860582,4.4169247948605825,,,,,,,,,-0.67037034,0.3009111,-0.6365768,,,,74.5833408075669,Technology,Software - Application,United States,893,2019-Q2
LPSN,LIVEPERSON INC,2019-05-01 00:00:00-04:00,2019,2,5,27.829999923706055,29.3799991607666,30.90999984741211,27.139999389648438,14781800,150594095,4191033652.3605824,4.1910336523605825,,,,,,,,,-0.67037034,0.3009111,-0.6365768,,,,43.82428617602039,Technology,Software - Application,United States,893,2019-Q2
LPSN,LIVEPERSON INC,2019-06-01 00:00:00-04:00,2019,2,6,28.040000915527344,27.729999542236328,29.190000534057617,25.8700008392334,11083500,150594095,4222658561.673012,4.222658561673012,,,,,,,,,-0.67037034,0.3009111,-0.6365768,,,,32.89099719710151,Technology,Software - Application,United States,893,2019-Q2
LPSN,LIVEPERSON INC,2019-07-01 00:00:00-04:00,2019,3,7,33.189998626708984,28.549999237060547,33.439998626708984,27.6200008392334,11479900,150594095,4998217806.240482,4.998217806240483,,,,,,,,,-0.67037034,0.3009111,-0.6365768,,,,43.06033420364332,Technology,Software - Application,United States,893,2019-Q3
LPSN,LIVEPERSON INC,2019-08-01 00:00:00-04:00,2019,3,8,39.7400016784668,33.209999084472656,41.0,31.0,23408300,150594095,5984609588.067188,5.984609588067189,,,,,,,,,-0.67037034,0.3009111,-0.6365768,,,,47.732350342085475,Technology,Software - Application,United States,893,2019-Q3
LPSN,LIVEPERSON INC,2019-09-01 00:00:00-04:00,2019,3,9,35.70000076293945,39.45000076293945,40.25,35.0099983215332,12841800,150594095,5376209306.3941765,5.376209306394176,,,,,,,,,-0.67037034,0.3009111,-0.6365768,,,,37.57225323062219,Technology,Software - Application,United States,893,2019-Q3
LPSN,LIVEPERSON INC,2019-10-01 00:00:00-04:00,2019,4,10,41.04999923706055,35.70000076293945,41.52000045776367,34.08000183105469,11519000,150594095,6181887484.8558235,6.181887484855824,,,,,,,,,-0.67037034,0.3009111,-0.6365768,,,,81.63716169986621,Technology,Software - Application,United States,893,2019-Q4
LPSN,LIVEPERSON INC,2019-11-01 00:00:00-04:00,2019,4,11,39.689998626708984,41.380001068115234,42.849998474121094,32.77000045776367,17053800,150594095,5977079423.740482,5.9770794237404825,,,,,,,,,-0.67037034,0.3009111,-0.6365768,,,,110.33384664290989,Technology,Software - Application,United States,893,2019-Q4
LPSN,LIVEPERSON INC,2019-12-01 00:00:00-05:00,2019,4,12,37.0,39.779998779296875,41.0,36.40999984741211,11515700,150594095,5571981515.0,5.571981515,,,,,,,,,-0.67037034,0.3009111,-0.6365768,,,,96.18239025767612,Technology,Software - Application,United States,893,2019-Q4
LPSN,LIVEPERSON INC,2020-01-01 00:00:00-05:00,2020,1,1,41.0099983215332,37.47999954223633,44.02000045776367,36.0099983215332,12080200,150594095,6175863583.182812,6.175863583182812,,,,,,,,,-0.67037034,0.3009111,-0.6365768,,,,74.73370055958377,Technology,Software - Application,United States,893,2020-Q1
LPSN,LIVEPERSON INC,2020-02-01 00:00:00-05:00,2020,1,2,26.459999084472656,41.70000076293945,45.209999084472656,24.760000228881836,29414000,150594095,3984719615.826988,3.984719615826988,,,,,,,,,-0.67037034,0.3009111,-0.6365768,,,,-5.364807042619013,Technology,Software - Application,United States,893,2020-Q1
LPSN,LIVEPERSON INC,2020-03-01 00:00:00-05:00,2020,1,3,22.75,26.75,26.8700008392334,14.079999923706055,36582600,150594095,3426015661.25,3.42601566125,,,,,,,,,-0.67037034,0.3009111,-0.6365768,,,,-21.605790347554144,Technology,Software - Application,United States,893,2020-Q1
LPSN,LIVEPERSON INC,2020-04-01 00:00:00-04:00,2020,2,4,23.940000534057617,22.280000686645508,25.229999542236328,19.729999542236328,18630600,150594095,3605222714.7259235,3.6052227147259237,,,,,,,,,-0.67037034,0.3009111,-0.6365768,,,,-18.37708627231177,Technology,Software - Application,United States,893,2020-Q2
LPSN,LIVEPERSON INC,2020-05-01 00:00:00-04:00,2020,2,5,37.45000076293945,23.399999618530273,39.63999938964844,21.68000030517578,35941200,150594095,5639748972.6441765,5.639748972644177,,,,,,,,,-0.67037034,0.3009111,-0.6365768,,,,34.567017123988286,Technology,Software - Application,United States,893,2020-Q2
LPSN,LIVEPERSON INC,2020-06-01 00:00:00-04:00,2020,2,6,41.43000030517578,36.2400016784668,42.61000061035156,31.780000686645508,20661200,150594095,6239113401.807671,6.23911340180767,,,,,,,,,-0.67037034,0.3009111,-0.6365768,,,,47.75320596453203,Technology,Software - Application,United States,893,2020-Q2
LPSN,LIVEPERSON INC,2020-07-01 00:00:00-04:00,2020,3,7,42.97999954223633,41.63999938964844,45.349998474121094,37.099998474121094,19292300,150594095,6472534134.163494,6.472534134163494,,,,,,,,,-0.67037034,0.3009111,-0.6365768,,,,29.496840375428746,Technology,Software - Application,United States,893,2020-Q3
LPSN,LIVEPERSON INC,2020-08-01 00:00:00-04:00,2020,3,8,59.65999984741211,43.16999816894531,62.97999954223633,43.04999923706055,24522900,150594095,8984443684.721165,8.984443684721164,,,,,,,,,-0.67037034,0.3009111,-0.6365768,,,,50.12581109109264,Technology,Software - Application,United States,893,2020-Q3
LPSN,LIVEPERSON INC,2020-09-01 00:00:00-04:00,2020,3,9,51.9900016784668,58.810001373291016,63.900001525878906,45.279998779296875,15602000,150594095,7829387251.817188,7.829387251817188,,,,,,,,,-0.67037034,0.3009111,-0.6365768,,,,45.63025369018525,Technology,Software - Application,United States,893,2020-Q3
LPSN,LIVEPERSON INC,2020-10-01 00:00:00-04:00,2020,4,10,53.459999084472656,53.560001373291016,62.02000045776367,51.08000183105469,15086000,150594095,8050760180.826988,8.050760180826988,,,,,,,,,-0.67037034,0.3009111,-0.6365768,,,,30.231425281509328,Technology,Software - Application,United States,893,2020-Q4
LPSN,LIVEPERSON INC,2020-11-01 00:00:00-04:00,2020,4,11,58.41999816894531,53.22999954223633,62.75,49.02000045776367,15211300,150594095,8797706754.153976,8.797706754153976,,,,,,,,,-0.67037034,0.3009111,-0.6365768,,,,47.19072862258091,Technology,Software - Application,United States,893,2020-Q4
LPSN,LIVEPERSON INC,2020-12-01 00:00:00-05:00,2020,4,12,62.22999954223633,57.5,68.55000305175781,52.130001068115234,21056300,150594095,9371470462.913494,9.371470462913495,,,,,,,,,-0.67037034,0.3009111,-0.6365768,,,,68.18918795199008,Technology,Software - Application,United States,893,2020-Q4
LPSN,LIVEPERSON INC,2021-01-01 00:00:00-05:00,2021,1,1,63.36000061035156,62.459999084472656,68.83000183105469,59.31999969482422,16879600,150594095,9541641951.115341,9.541641951115341,,,,,,,,,-0.67037034,0.3009111,-0.6365768,,,,54.49891051832352,Technology,Software - Application,United States,893,2021-Q1
LPSN,LIVEPERSON INC,2021-02-01 00:00:00-05:00,2021,1,2,65.62000274658203,63.900001525878906,72.2300033569336,56.77000045776367,17524800,150594095,9881984927.519035,9.881984927519035,,,,,,,,,-0.67037034,0.3009111,-0.6365768,,,,147.99699552933615,Technology,Software - Application,United States,893,2021-Q1
LPSN,LIVEPERSON INC,2021-03-01 00:00:00-05:00,2021,1,3,52.7400016784668,66.30999755859375,68.97000122070312,49.0,22357000,150594095,7942332823.067188,7.942332823067188,,,,,,,,,-0.67037034,0.3009111,-0.6365768,,,,131.82418320205187,Technology,Software - Application,United States,893,2021-Q1
LPSN,LIVEPERSON INC,2021-04-01 00:00:00-04:00,2021,2,4,54.650001525878906,52.54999923706055,59.59000015258789,52.54999923706055,11599800,150594095,8229967521.538353,8.229967521538352,,,,,,,,,-0.67037034,0.3009111,-0.6365768,,,,128.27903219188534,Technology,Software - Application,United States,893,2021-Q2
LPSN,LIVEPERSON INC,2021-05-01 00:00:00-04:00,2021,2,5,54.95000076293945,55.130001068115234,56.470001220703125,47.619998931884766,14584000,150594095,8275145635.1441765,8.275145635144176,,,,,,,,,-0.67037034,0.3009111,-0.6365768,,,,46.72897101064417,Technology,Software - Application,United States,893,2021-Q2
LPSN,LIVEPERSON INC,2021-06-01 00:00:00-04:00,2021,2,6,63.2400016784668,55.209999084472656,65.7699966430664,52.95000076293945,11892800,150594095,9523570820.567188,9.523570820567189,,,,,,,,,-0.67037034,0.3009111,-0.6365768,,,,52.64301523687494,Technology,Software - Application,United States,893,2021-Q2
LPSN,LIVEPERSON INC,2021-07-01 00:00:00-04:00,2021,3,7,63.689998626708984,62.22999954223633,64.61000061035156,54.31999969482422,8834200,150594095,9591337703.740482,9.591337703740482,,,,,,,,,-0.67037034,0.3009111,-0.6365768,,,,48.18520080280828,Technology,Software - Application,United States,893,2021-Q3
LPSN,LIVEPERSON INC,2021-08-01 00:00:00-04:00,2021,3,8,64.0999984741211,64.2300033569336,65.06999969482422,56.5099983215332,13565000,150594095,9653081259.711647,9.653081259711646,,,,,,,,,-0.67037034,0.3009111,-0.6365768,,,,7.442170026927308,Technology,Software - Application,United States,893,2021-Q3
LPSN,LIVEPERSON INC,2021-09-01 00:00:00-04:00,2021,3,9,58.95000076293945,64.16999816894531,68.81999969482422,57.91999816894531,10417900,150594095,8877522015.144176,8.877522015144176,,,,,,,,,-0.67037034,0.3009111,-0.6365768,,,,13.387187651035127,Technology,Software - Application,United States,893,2021-Q3
LPSN,LIVEPERSON INC,2021-10-01 00:00:00-04:00,2021,4,10,51.5099983215332,59.189998626708984,61.70000076293945,51.029998779296875,12475300,150594095,7757101580.682812,7.757101580682812,,,,,,,,,-0.67037034,0.3009111,-0.6365768,,,,-3.6475884705090222,Technology,Software - Application,United States,893,2021-Q4
LPSN,LIVEPERSON INC,2021-11-01 00:00:00-04:00,2021,4,11,38.65999984741211,51.31999969482422,52.36000061035156,38.13999938964844,19843700,150594095,5821967689.721165,5.8219676897211645,,,,,,,,,-0.67037034,0.3009111,-0.6365768,,,,-33.82403105249865,Technology,Software - Application,United States,893,2021-Q4
LPSN,LIVEPERSON INC,2021-12-01 00:00:00-05:00,2021,4,12,35.720001220703125,39.43000030517578,39.97999954223633,33.130001068115234,23552600,150594095,5379221257.230682,5.379221257230682,,,,,,,,,-0.67037034,0.3009111,-0.6365768,,,,-42.60002975500669,Technology,Software - Application,United States,893,2021-Q4
LPSN,LIVEPERSON INC,2022-01-01 00:00:00-05:00,2022,1,1,29.8700008392334,35.84000015258789,35.959999084472656,25.190000534057617,19174700,150594095,4498245744.033594,4.498245744033595,,,,,,,,,-0.67037034,0.3009111,-0.6365768,,,,-52.85669104877924,Technology,Software - Application,United States,893,2022-Q1
LPSN,LIVEPERSON INC,2022-02-01 00:00:00-05:00,2022,1,2,20.280000686645508,29.8700008392334,30.010000228881836,16.0,37699100,150594095,3054048350.004759,3.054048350004759,,,,,,,,,-0.67037034,0.3009111,-0.6365768,,,,-69.09478842150484,Technology,Software - Application,United States,893,2022-Q1
LPSN,LIVEPERSON INC,2022-03-01 00:00:00-05:00,2022,1,3,24.420000076293945,22.610000610351562,26.030000686645508,20.329999923706055,31731500,150594095,3677507811.3894176,3.6775078113894177,,,,,,,,,-0.67037034,0.3009111,-0.6365768,,,,-53.6973847191507,Technology,Software - Application,United States,893,2022-Q1
LPSN,LIVEPERSON INC,2022-04-01 00:00:00-04:00,2022,2,4,22.6200008392334,24.459999084472656,26.65999984741211,21.020000457763672,17488300,150594095,3406438555.283594,3.4064385552835943,,,,,,,,,-0.67037034,0.3009111,-0.6365768,,,,-58.60933173346401,Technology,Software - Application,United States,893,2022-Q2
LPSN,LIVEPERSON INC,2022-05-01 00:00:00-04:00,2022,2,5,16.780000686645508,22.43000030517578,23.450000762939453,13.899999618530273,26597100,150594095,2526969017.504759,2.5269690175047588,,,,,,,,,-0.67037034,0.3009111,-0.6365768,,,,-69.46314749105038,Technology,Software - Application,United States,893,2022-Q2
LPSN,LIVEPERSON INC,2022-06-01 00:00:00-04:00,2022,2,6,14.140000343322754,16.969999313354492,17.610000610351562,11.720000267028809,23575600,150594095,2129400555.0023794,2.1294005550023796,,,,,,,,,-0.67037034,0.3009111,-0.6365768,,,,-77.64073376339358,Technology,Software - Application,United States,893,2022-Q2
LPSN,LIVEPERSON INC,2022-07-01 00:00:00-04:00,2022,3,7,13.640000343322754,14.25,16.700000762939453,12.539999961853027,15597700,150594095,2054103507.5023794,2.0541035075023792,,,,,,,,,-0.67037034,0.3009111,-0.6365768,,,,-78.58376411143038,Technology,Software - Application,United States,893,2022-Q3
LPSN,LIVEPERSON INC,2022-08-01 00:00:00-04:00,2022,3,8,11.600000381469727,13.449999809265137,17.0,10.880000114440918,24254300,150594095,1746891559.4470882,1.7468915594470882,,,,,,,,,-0.67037034,0.3009111,-0.6365768,,,,-81.90327510514223,Technology,Software - Application,United States,893,2022-Q3
LPSN,LIVEPERSON INC,2022-09-01 00:00:00-04:00,2022,3,9,9.420000076293945,11.380000114440918,12.630000114440918,8.649999618530273,22137200,150594095,1418596386.3894176,1.4185963863894175,,,,,,,,,-0.67037034,0.3009111,-0.6365768,,,,-84.02035631148611,Technology,Software - Application,United States,893,2022-Q3
LPSN,LIVEPERSON INC,2022-10-01 00:00:00-04:00,2022,4,10,10.569999694824219,9.59000015258789,10.880000114440918,7.960000038146973,20615600,150594095,1591779538.1923294,1.5917795381923294,,,,,,,,,-0.67037034,0.3009111,-0.6365768,,,,-79.47971260095044,Technology,Software - Application,United States,893,2022-Q4
LPSN,LIVEPERSON INC,2022-11-01 00:00:00-04:00,2022,4,11,11.739999771118164,10.869999885559082,14.5,9.729999542236328,23077800,150594095,1767974640.831747,1.7679746408317472,,,,,,,,,-0.67037034,0.3009111,-0.6365768,,,,-69.63269576447234,Technology,Software - Application,United States,893,2022-Q4
LPSN,LIVEPERSON INC,2022-12-01 00:00:00-05:00,2022,4,12,10.140000343322754,11.890000343322754,13.470000267028809,9.180000305175781,15123900,150594095,1527024175.0023794,1.5270241750023794,,,,,,,,,-0.67037034,0.3009111,-0.6365768,,,,-71.61254200225038,Technology,Software - Application,United States,893,2022-Q4
LPSN,LIVEPERSON INC,2023-01-01 00:00:00-05:00,2023,1,1,12.880000114440918,10.520000457763672,13.100000381469727,9.710000038146973,13005800,150594095,1939651960.8341265,1.9396519608341265,,,,,,,,,-0.67037034,0.3009111,-0.6365768,,,,-56.8798133493073,Technology,Software - Application,United States,893,2023-Q1
LPSN,LIVEPERSON INC,2023-02-01 00:00:00-05:00,2023,1,2,10.119999885559082,13.960000038146973,18.170000076293945,9.699999809265137,24628400,150594095,1524012224.1658735,1.5240122241658736,,,,,,,,,-0.67037034,0.3009111,-0.6365768,,,,-50.09862158326672,Technology,Software - Application,United States,893,2023-Q1
LPSN,LIVEPERSON INC,2023-03-01 00:00:00-05:00,2023,1,3,4.409999847412109,10.09000015258789,12.029999732971191,3.569999933242798,72378000,150594095,664119935.9711647,0.6641199359711647,,,,,,,,,-0.67037034,0.3009111,-0.6365768,,,,-81.94103262230053,Technology,Software - Application,United States,893,2023-Q1
LPSN,LIVEPERSON INC,2023-04-01 00:00:00-04:00,2023,2,4,4.630000114440918,4.429999828338623,5.619999885559082,4.110000133514404,26032400,150594095,697250677.0841265,0.6972506770841265,,,,,,,,,-0.67037034,0.3009111,-0.6365768,,,,-79.53138840556369,Technology,Software - Application,United States,893,2023-Q2
LPSN,LIVEPERSON INC,2023-05-01 00:00:00-04:00,2023,2,5,3.680000066757202,4.639999866485596,5.989999771118164,3.5399999618530273,45974300,150594095,554186279.6532404,0.5541862796532404,,,,,,,,,-0.67037034,0.3009111,-0.6365768,,,,-78.06913041615094,Technology,Software - Application,United States,893,2023-Q2
LPSN,LIVEPERSON INC,2023-06-01 00:00:00-04:00,2023,2,6,4.519999980926514,3.6500000953674316,4.760000228881836,3.190000057220459,65090400,150594095,680685306.5276456,0.6806853065276456,,,,,,,,,-0.67037034,0.3009111,-0.6365768,,,,-68.03394716280211,Technology,Software - Application,United States,893,2023-Q2
LPSN,LIVEPERSON INC,2023-07-01 00:00:00-04:00,2023,3,7,4.75,4.46999979019165,6.409999847412109,4.03000020980835,51984900,150594095,715321951.25,0.71532195125,,,,,,,,,-0.67037034,0.3009111,-0.6365768,,,,-65.17595395571021,Technology,Software - Application,United States,893,2023-Q3
LPSN,LIVEPERSON INC,2023-08-01 00:00:00-04:00,2023,3,8,4.199999809265137,4.739999771118164,5.980000019073486,3.759999990463257,49423800,150594095,632495170.2764559,0.6324951702764559,,,,,,,,,-0.67037034,0.3009111,-0.6365768,,,,-63.79310628321726,Technology,Software - Application,United States,893,2023-Q3
LPSN,LIVEPERSON INC,2023-09-01 00:00:00-04:00,2023,3,9,3.890000104904175,4.269999980926514,4.739999771118164,3.7799999713897705,35913300,150594095,585811045.3479493,0.5858110453479493,,,,,,,,,-0.67037034,0.3009111,-0.6365768,,,,-58.70488244799894,Technology,Software - Application,United States,893,2023-Q3
LPSN,LIVEPERSON INC,2023-10-01 00:00:00-04:00,2023,4,10,2.640000104904175,3.940000057220459,3.9600000381469727,2.3299999237060547,38942800,150594095,397568426.59794927,0.3975684265979493,,,,,,,,,-0.67037034,0.3009111,-0.6365768,,,,-75.02365013125879,Technology,Software - Application,United States,893,2023-Q4
LPSN,LIVEPERSON INC,2023-11-01 00:00:00-04:00,2023,4,11,2.8399999141693115,2.640000104904175,3.4000000953674316,2.549999952316284,33875700,150594095,427687216.87440515,0.42768721687440514,,,,,,,,,-0.67037034,0.3009111,-0.6365768,,,,-75.80919957804379,Technology,Software - Application,United States,893,2023-Q4
LPSN,LIVEPERSON INC,2023-12-01 00:00:00-05:00,2023,4,12,3.7899999618530273,2.8399999141693115,3.819999933242798,2.799999952316284,27931000,150594095,570751614.3052912,0.5707516143052912,,,,,,,,,-0.67037034,0.3009111,-0.6365768,,,,-62.62327580344942,Technology,Software - Application,United States,893,2023-Q4
LPSN,LIVEPERSON INC,2024-01-01 00:00:00-05:00,2024,1,1,2.799999952316284,3.7899999618530273,3.9800000190734863,2.759999990463257,32483700,150594095,421663458.81911397,0.421663458819114,,,,,,,,,-0.67037034,0.3009111,-0.6365768,,,,-78.26087012858832,Technology,Software - Application,United States,893,2024-Q1
LPSN,LIVEPERSON INC,2024-02-01 00:00:00-05:00,2024,1,2,1.2699999809265137,2.8299999237060547,2.8399999141693115,1.2100000381469727,46174600,150594095,191254497.7776456,0.19125449777764558,,,,,,,,,-0.67037034,0.3009111,-0.6365768,,,,-87.45059293193508,Technology,Software - Application,United States,893,2024-Q1
LPSN,LIVEPERSON INC,2024-03-01 00:00:00-05:00,2024,1,3,1.0,1.2899999618530273,1.3799999952316284,0.9599999785423279,68608400,150594095,150594095.0,0.150594095,,,,,,,,,-0.67037034,0.3009111,-0.6365768,,,,-77.32426225395851,Technology,Software - Application,United States,893,2024-Q1
LPSN,LIVEPERSON INC,2024-04-01 00:00:00-04:00,2024,2,4,0.5,1.0099999904632568,1.0099999904632568,0.44999998807907104,87079700,150594095,75297047.5,0.0752970475,79875000.0,79.875,63443000.0,41795000.0,-17775000.0,56500000.0,0.23567151017214397,,-0.67037034,0.3009111,-0.6365768,,,,-89.20086419781059,Technology,Software - Application,United States,893,2024-Q2
LPSN,LIVEPERSON INC,2024-05-01 00:00:00-04:00,2024,2,5,0.6899999976158142,0.5,0.8899999856948853,0.47999998927116394,83719400,150594095,103909925.1909557,0.1039099251909557,79875000.0,79.875,63443000.0,41795000.0,-17775000.0,56500000.0,0.32522668291378937,,-0.67037034,0.3009111,-0.6365768,,0.0,,-81.25000040492284,Technology,Software - Application,United States,893,2024-Q2
LPSN,LIVEPERSON INC,2024-06-01 00:00:00-04:00,2024,2,6,0.5799999833106995,0.699999988079071,0.75,0.5199999809265137,48055500,150594095,87344572.58668989,0.08734457258668989,79875000.0,79.875,63443000.0,41795000.0,-17775000.0,56500000.0,0.2733789439333017,,-0.67037034,0.3009111,-0.6365768,,0.0,,-87.16814190800481,Technology,Software - Application,United States,893,2024-Q2
LPSN,LIVEPERSON INC,2024-07-01 00:00:00-04:00,2024,3,7,1.2100000381469727,0.5899999737739563,1.600000023841858,0.5699999928474426,99650100,150594095,182218860.69470882,0.18221886069470883,74244000.0,74.244,49697000.0,-28309000.0,-14590000.0,-3678000.0,0.6135810998016972,,-0.67037034,0.3009111,-0.6365768,,-7.049765258215968,,-74.52631498637952,Technology,Software - Application,United States,893,2024-Q3
LPSN,LIVEPERSON INC,2024-08-01 00:00:00-04:00,2024,3,8,1.2300000190734863,1.149999976158142,1.7899999618530273,0.9599999785423279,79615600,150594095,185230739.7223544,0.1852307397223544,74244000.0,74.244,49697000.0,-28309000.0,-14590000.0,-3678000.0,0.6237229261703114,,-0.67037034,0.3009111,-0.6365768,,0.0,-7.049765258215968,-70.71428393020102,Technology,Software - Application,United States,893,2024-Q3
LPSN,LIVEPERSON INC,2024-09-01 00:00:00-04:00,2024,3,9,1.2799999713897705,1.2100000381469727,1.350000023841858,1.0099999904632568,43947700,150594095,192760437.29146838,0.19276043729146838,74244000.0,74.244,49697000.0,-28309000.0,-14590000.0,-3678000.0,0.6490774920918471,,-0.67037034,0.3009111,-0.6365768,,0.0,-7.049765258215968,-67.0951173040829,Technology,Software - Application,United States,893,2024-Q3
LPSN,LIVEPERSON INC,2024-10-01 00:00:00-04:00,2024,4,10,1.1799999475479126,1.2799999713897705,1.2899999618530273,1.059999942779541,31120400,150594095,177701024.20102537,0.17770102420102538,73206000.0,73.206,55024000.0,-112128000.0,-4503000.0,-52064000.0,0.6068526630365864,,-0.67037034,0.3009111,-0.6365768,,-1.3980927751737537,-8.349295774647892,-55.30303406594965,Technology,Software - Application,United States,893,2024-Q4
LPSN,LIVEPERSON INC,2024-11-01 00:00:00-04:00,2024,4,11,0.9700000286102295,1.2000000476837158,1.2899999618530273,0.7599999904632568,46190300,150594095,146076276.45853162,0.1460762764585316,73206000.0,73.206,55024000.0,-112128000.0,-4503000.0,-52064000.0,0.49885349718100847,,-0.67037034,0.3009111,-0.6365768,,0.0,-1.3980927751737537,-65.84506838289992,Technology,Software - Application,United States,893,2024-Q4
LPSN,LIVEPERSON INC,2024-12-01 00:00:00-05:00,2024,4,12,1.5199999809265137,0.9800000190734863,2.0799999237060547,0.7699999809265137,102417800,150594095,228903021.5276456,0.22890302152764558,73206000.0,73.206,55024000.0,-112128000.0,-4503000.0,-52064000.0,0.7817085400364915,,-0.67037034,0.3009111,-0.6365768,,0.0,-1.3980927751737537,-59.89445920249173,Technology,Software - Application,United States,893,2024-Q4
LPSN,LIVEPERSON INC,2025-01-01 00:00:00-05:00,2025,1,1,1.440000057220459,1.5499999523162842,1.8799999952316284,1.2100000381469727,99770700,150594095,216855505.41706324,0.21685550541706325,64700000.0,64.7,46482000.0,-14133000.0,-15639000.0,-1813000.0,0.8379269915651594,,-0.67037034,0.3009111,-0.6365768,,-11.619266180367728,-12.854910834545553,-48.57142565201735,Technology,Software - Application,United States,893,2025-Q1
LPSN,LIVEPERSON INC,2025-02-01 00:00:00-05:00,2025,1,2,1.0800000429153442,1.3300000429153442,1.4800000190734863,1.0299999713897705,33211400,150594095,162641629.06279743,0.16264162906279742,64700000.0,64.7,46482000.0,-14133000.0,-15639000.0,-1813000.0,0.6284452436738694,,-0.67037034,0.3009111,-0.6365768,,0.0,-11.619266180367728,-14.960625264935612,Technology,Software - Application,United States,893,2025-Q1
LPSN,LIVEPERSON INC,2025-03-01 00:00:00-05:00,2025,1,3,0.800000011920929,1.090000033378601,1.1299999952316284,0.7599999904632568,29331300,150594095,120475277.79522151,0.1204752777952215,64700000.0,64.7,46482000.0,-14133000.0,-15639000.0,-1813000.0,0.4655149837527879,,-0.67037034,0.3009111,-0.6365768,,0.0,-11.619266180367728,-19.999998807907104,Technology,Software - Application,United States,893,2025-Q1
LPSN,LIVEPERSON INC,2025-04-01 00:00:00-04:00,2025,2,4,0.8700000047683716,0.800000011920929,0.8999999761581421,0.6100000143051147,24010300,150594095,131016863.3680886,0.1310168633680886,59600000.0,59.6,41562000.0,-15710000.0,-5872000.0,-2358000.0,0.5495673798997005,,-0.67037034,0.3009111,-0.6365768,,-7.8825347758887165,-18.585908258885887,74.00000095367432,Technology,Software - Application,United States,893,2025-Q2
LPSN,LIVEPERSON INC,2025-05-01 00:00:00-04:00,2025,2,5,0.7200000286102295,0.8700000047683716,0.9900000095367432,0.6499999761581421,21784400,150594095,108427752.70853162,0.10842775270853162,59600000.0,59.6,41562000.0,-15710000.0,-5872000.0,-2358000.0,0.45481439894518294,,-0.67037034,0.3009111,-0.6365768,,0.0,-7.8825347758887165,4.347830593924007,Technology,Software - Application,United States,893,2025-Q2
LPSN,LIVEPERSON INC,2025-06-01 00:00:00-04:00,2025,2,6,1.0099999904632568,0.7099999785423279,1.0399999618530273,0.6800000071525574,24546200,150594095,152100034.5138228,0.15210003451382278,59600000.0,59.6,41562000.0,-15710000.0,-5872000.0,-2358000.0,0.6380035004774446,,-0.67037034,0.3009111,-0.6365768,,0.0,-7.8825347758887165,74.13793440097587,Technology,Software - Application,United States,893,2025-Q2
LPSN,LIVEPERSON INC,2025-07-01 00:00:00-04:00,2025,3,7,0.9399999976158142,0.9900000095367432,1.1799999475479126,0.8799999952316284,29813000,150594095,141558448.9409557,0.1415584489409557,,,,,,,,,-0.67037034,0.3009111,-0.6365768,,0.0,-7.8825347758887165,-22.31405223297711,Technology,Software - Application,United States,893,2025-Q3
LPSN,LIVEPERSON INC,2025-08-01 00:00:00-04:00,2025,3,8,0.9300000071525574,0.9100000262260437,1.440000057220459,0.8199999928474426,174509400,150594095,140052509.4271329,0.1400525094271329,,,,,,,,,-0.67037034,0.3009111,-0.6365768,,0.0,0.0,-24.390244493403166,Technology,Software - Application,United States,893,2025-Q3
LPSN,LIVEPERSON INC,2025-09-01 00:00:00-04:00,2025,3,9,0.5799999833106995,0.8899999856948853,1.0099999904632568,0.5099999904632568,80836000,150594095,87344572.58668989,0.08734457258668989,,,,,,,,,-0.67037034,0.3009111,-0.6365768,,0.0,0.0,-54.687500291038305,Technology,Software - Application,United States,893,2025-Q3
LPSN,LIVEPERSON INC,2025-10-01 00:00:00-04:00,2025,4,10,0.5429999828338623,0.5699999928474426,0.6000000238418579,0.5,48118506,150594095,81772590.99988103,0.08177259099988103,,,,,,,,,-0.67037034,0.3009111,-0.6365768,,0.0,0.0,-53.98305025671923,Technology,Software - Application,United States,893,2025-Q4
