ticker,company_name,date,year,quarter,month,close_price,open_price,high_price,low_price,volume,shares_outstanding,market_cap,market_cap_billions,revenue,revenue_millions,gross_profit,net_income,operating_income,ebitda,ps_ratio,current_pe,forward_pe,current_ps,current_pb,peg_ratio,revenue_qoq_pct,revenue_yoy_pct,market_cap_yoy_pct,sector,industry,country,employees,year_quarter
LSCC,LATTICE SEMICOND,2015-01-01 00:00:00-05:00,2015,1,1,7.130000114440918,6.920000076293945,7.659999847412109,6.449999809265137,31007500,136895573,976065451.156455,0.976065451156455,,,,,,,,300.65216,65.235855,19.373165,13.755719,,,,,Technology,Semiconductors,United States,1110,2015-Q1
LSCC,LATTICE SEMICOND,2015-02-01 00:00:00-05:00,2015,1,2,6.71999979019165,7.190000057220459,7.300000190734863,5.869999885559082,38044200,136895573,919938221.8381658,0.9199382218381658,,,,,,,,300.65216,65.235855,19.373165,13.755719,,,,,Technology,Semiconductors,United States,1110,2015-Q1
LSCC,LATTICE SEMICOND,2015-03-01 00:00:00-05:00,2015,1,3,6.340000152587891,6.75,7.0,6.239999771118164,29309800,136895573,867917953.7086067,0.8679179537086067,,,,,,,,300.65216,65.235855,19.373165,13.755719,,,,,Technology,Semiconductors,United States,1110,2015-Q1
LSCC,LATTICE SEMICOND,2015-04-01 00:00:00-04:00,2015,2,4,5.929999828338623,6.340000152587891,6.579999923706055,5.900000095367432,21472600,136895573,811790724.3903174,0.8117907243903174,,,,,,,,300.65216,65.235855,19.373165,13.755719,,,,,Technology,Semiconductors,United States,1110,2015-Q2
LSCC,LATTICE SEMICOND,2015-05-01 00:00:00-04:00,2015,2,5,6.260000228881836,5.980000019073486,6.449999809265137,5.949999809265137,24286800,136895573,856966318.3129101,0.85696631831291,,,,,,,,300.65216,65.235855,19.373165,13.755719,,,,,Technology,Semiconductors,United States,1110,2015-Q2
LSCC,LATTICE SEMICOND,2015-06-01 00:00:00-04:00,2015,2,6,5.889999866485596,6.260000228881836,6.989999771118164,5.880000114440918,31431600,136895573,806314906.6924691,0.8063149066924691,,,,,,,,300.65216,65.235855,19.373165,13.755719,,,,,Technology,Semiconductors,United States,1110,2015-Q2
LSCC,LATTICE SEMICOND,2015-07-01 00:00:00-04:00,2015,3,7,4.920000076293945,5.929999828338623,6.139999866485596,4.510000228881836,25170000,136895573,673526229.6043034,0.6735262296043033,,,,,,,,300.65216,65.235855,19.373165,13.755719,,,,,Technology,Semiconductors,United States,1110,2015-Q3
LSCC,LATTICE SEMICOND,2015-08-01 00:00:00-04:00,2015,3,8,4.179999828338623,4.889999866485596,4.889999866485596,3.25,31186200,136895573,572223471.6403174,0.5722234716403174,,,,,,,,300.65216,65.235855,19.373165,13.755719,,,,,Technology,Semiconductors,United States,1110,2015-Q3
LSCC,LATTICE SEMICOND,2015-09-01 00:00:00-04:00,2015,3,9,3.8499999046325684,4.130000114440918,4.480000019073486,3.7799999713897705,22725200,136895573,527047942.9946208,0.5270479429946208,,,,,,,,300.65216,65.235855,19.373165,13.755719,,,,,Technology,Semiconductors,United States,1110,2015-Q3
LSCC,LATTICE SEMICOND,2015-10-01 00:00:00-04:00,2015,4,10,4.579999923706055,3.8299999237060547,4.880000114440918,3.569999933242798,68794400,136895573,626981713.8956966,0.6269817138956967,,,,,,,,300.65216,65.235855,19.373165,13.755719,,,,,Technology,Semiconductors,United States,1110,2015-Q4
LSCC,LATTICE SEMICOND,2015-11-01 00:00:00-04:00,2015,4,11,6.289999961853027,4.550000190734863,6.380000114440918,4.5,56945200,136895573,861073148.9478483,0.8610731489478484,,,,,,,,300.65216,65.235855,19.373165,13.755719,,,,,Technology,Semiconductors,United States,1110,2015-Q4
LSCC,LATTICE SEMICOND,2015-12-01 00:00:00-05:00,2015,4,12,6.46999979019165,6.260000228881836,7.070000171661377,5.619999885559082,58074400,136895573,885714328.5881658,0.8857143285881658,,,,,,,,300.65216,65.235855,19.373165,13.755719,,,,,Technology,Semiconductors,United States,1110,2015-Q4
LSCC,LATTICE SEMICOND,2016-01-01 00:00:00-05:00,2016,1,1,4.860000133514404,6.400000095367432,6.400000095367432,4.019999980926514,58402400,136895573,665312503.0575309,0.6653125030575309,,,,,,,,300.65216,65.235855,19.373165,13.755719,,,,-31.837306374356356,Technology,Semiconductors,United States,1110,2016-Q1
LSCC,LATTICE SEMICOND,2016-02-01 00:00:00-05:00,2016,1,2,6.329999923706055,4.690000057220459,6.670000076293945,4.179999828338623,64959000,136895573,866548966.6456966,0.8665489666456967,,,,,,,,300.65216,65.235855,19.373165,13.755719,,,,-5.80356962294597,Technology,Semiconductors,United States,1110,2016-Q1
LSCC,LATTICE SEMICOND,2016-03-01 00:00:00-05:00,2016,1,3,5.679999828338623,6.400000095367432,6.409999847412109,5.269999980926514,54240900,136895573,777566831.1403174,0.7775668311403174,,,,,,,,300.65216,65.235855,19.373165,13.755719,,,,-10.410099501020763,Technology,Semiconductors,United States,1110,2016-Q1
LSCC,LATTICE SEMICOND,2016-04-01 00:00:00-04:00,2016,2,4,5.570000171661377,5.619999885559082,6.46999979019165,5.139999866485596,42332100,136895573,762508365.1096826,0.7625083651096826,,,,,,,,300.65216,65.235855,19.373165,13.755719,,,,-6.070820693060719,Technology,Semiconductors,United States,1110,2016-Q2
LSCC,LATTICE SEMICOND,2016-05-01 00:00:00-04:00,2016,2,5,5.820000171661377,5.570000171661377,5.900000095367432,4.980000019073486,29982400,136895573,796732258.3596826,0.7967322583596825,,,,,,,,300.65216,65.235855,19.373165,13.755719,,,,-7.028754650685565,Technology,Semiconductors,United States,1110,2016-Q2
LSCC,LATTICE SEMICOND,2016-06-01 00:00:00-04:00,2016,2,6,5.349999904632568,5.800000190734863,6.019999980926514,4.889999866485596,25713300,136895573,732391302.4946208,0.7323913024946208,,,,,,,,300.65216,65.235855,19.373165,13.755719,,,,-9.16808105422302,Technology,Semiconductors,United States,1110,2016-Q2
LSCC,LATTICE SEMICOND,2016-07-01 00:00:00-04:00,2016,3,7,6.010000228881836,5.360000133514404,6.300000190734863,5.210000038146973,20363600,136895573,822742425.0629101,0.8227424250629101,,,,,,,,300.65216,65.235855,19.373165,13.755719,,,,22.15447430254813,Technology,Semiconductors,United States,1110,2016-Q3
LSCC,LATTICE SEMICOND,2016-08-01 00:00:00-04:00,2016,3,8,6.150000095367432,6.03000020980835,6.289999961853027,5.630000114440918,29071400,136895573,841907787.0053792,0.8419077870053792,,,,,,,,300.65216,65.235855,19.373165,13.755719,,,,47.129194926589314,Technology,Semiconductors,United States,1110,2016-Q3
LSCC,LATTICE SEMICOND,2016-09-01 00:00:00-04:00,2016,3,9,6.489999771118164,6.130000114440918,6.690000057220459,5.800000190734863,33760400,136895573,888452237.4370899,0.8884522374370899,,,,,,,,300.65216,65.235855,19.373165,13.755719,,,,68.57142680208842,Technology,Semiconductors,United States,1110,2016-Q3
LSCC,LATTICE SEMICOND,2016-10-01 00:00:00-04:00,2016,4,10,6.070000171661377,6.449999809265137,6.650000095367432,5.909999847412109,26071800,136895573,830956151.6096826,0.8309561516096826,,,,,,,,300.65216,65.235855,19.373165,13.755719,,,,32.53275704750755,Technology,Semiconductors,United States,1110,2016-Q4
LSCC,LATTICE SEMICOND,2016-11-01 00:00:00-04:00,2016,4,11,7.010000228881836,6.099999904632568,7.989999771118164,6.099999904632568,97950700,136895573,959637998.0629101,0.9596379980629101,,,,,,,,300.65216,65.235855,19.373165,13.755719,,,,11.446745173217732,Technology,Semiconductors,United States,1110,2016-Q4
LSCC,LATTICE SEMICOND,2016-12-01 00:00:00-05:00,2016,4,12,7.360000133514404,7.050000190734863,7.360000133514404,6.71999979019165,22725800,136895573,1007551435.5575309,1.0075514355575308,,,,,,,,300.65216,65.235855,19.373165,13.755719,,,,13.755801733903784,Technology,Semiconductors,United States,1110,2016-Q4
LSCC,LATTICE SEMICOND,2017-01-01 00:00:00-05:00,2017,1,1,7.190000057220459,7.389999866485596,7.420000076293945,6.929999828338623,18224900,136895573,984279177.7032275,0.9842791777032275,,,,,,,,300.65216,65.235855,19.373165,13.755719,,,,47.9423839443635,Technology,Semiconductors,United States,1110,2017-Q1
LSCC,LATTICE SEMICOND,2017-02-01 00:00:00-05:00,2017,1,2,7.070000171661377,7.199999809265137,7.349999904632568,6.760000228881836,18765900,136895573,967851724.6096826,0.9678517246096826,,,,,,,,300.65216,65.235855,19.373165,13.755719,,,,11.690367407177948,Technology,Semiconductors,United States,1110,2017-Q1
LSCC,LATTICE SEMICOND,2017-03-01 00:00:00-05:00,2017,1,3,6.920000076293945,7.139999866485596,7.550000190734863,6.78000020980835,18950000,136895573,947317375.6043034,0.9473173756043034,,,,,,,,300.65216,65.235855,19.373165,13.755719,,,,21.83099094068137,Technology,Semiconductors,United States,1110,2017-Q1
LSCC,LATTICE SEMICOND,2017-04-01 00:00:00-04:00,2017,2,4,6.860000133514404,6.940000057220459,7.010000228881836,6.659999847412109,10632500,136895573,939103649.0575309,0.9391036490575309,,,,,,,,300.65216,65.235855,19.373165,13.755719,,,,23.1597831615193,Technology,Semiconductors,United States,1110,2017-Q2
LSCC,LATTICE SEMICOND,2017-05-01 00:00:00-04:00,2017,2,5,6.949999809265137,6.820000171661377,7.090000152587891,6.599999904632568,14159100,136895573,951424206.2392416,0.9514242062392416,,,,,,,,300.65216,65.235855,19.373165,13.755719,,,,19.415800760727308,Technology,Semiconductors,United States,1110,2017-Q2
LSCC,LATTICE SEMICOND,2017-06-01 00:00:00-04:00,2017,2,6,6.659999847412109,6.949999809265137,7.099999904632568,6.510000228881836,10967800,136895573,911724495.2913933,0.9117244952913933,,,,,,,,300.65216,65.235855,19.373165,13.755719,,,,24.485980675349374,Technology,Semiconductors,United States,1110,2017-Q2
LSCC,LATTICE SEMICOND,2017-07-01 00:00:00-04:00,2017,3,7,6.960000038146973,6.699999809265137,6.989999771118164,6.510000228881836,10916700,136895573,952793193.3021517,0.9527931933021517,,,,,,,,300.65216,65.235855,19.373165,13.755719,,,,15.806984577135118,Technology,Semiconductors,United States,1110,2017-Q3
LSCC,LATTICE SEMICOND,2017-08-01 00:00:00-04:00,2017,3,8,5.650000095367432,6.949999809265137,7.03000020980835,5.590000152587891,12882300,136895573,773460000.5053792,0.7734600005053792,,,,,,,,300.65216,65.235855,19.373165,13.755719,,,,-8.130081174740656,Technology,Semiconductors,United States,1110,2017-Q3
LSCC,LATTICE SEMICOND,2017-09-01 00:00:00-04:00,2017,3,9,5.210000038146973,5.690000057220459,5.889999866485596,5.050000190734863,19741200,136895573,713225940.5521517,0.7132259405521517,,,,,,,,300.65216,65.235855,19.373165,13.755719,,,,-19.722646812214904,Technology,Semiconductors,United States,1110,2017-Q3
LSCC,LATTICE SEMICOND,2017-10-01 00:00:00-04:00,2017,4,10,5.849999904632568,5.25,6.010000228881836,5.139999866485596,31228300,136895573,800839088.9946208,0.8008390889946208,,,,,,,,300.65216,65.235855,19.373165,13.755719,,,,-3.624386504236188,Technology,Semiconductors,United States,1110,2017-Q4
LSCC,LATTICE SEMICOND,2017-11-01 00:00:00-04:00,2017,4,11,5.869999885559082,5.900000095367432,6.599999904632568,5.690000057220459,25600400,136895573,803576997.843545,0.803576997843545,,,,,,,,300.65216,65.235855,19.373165,13.755719,,,,-16.262486534962573,Technology,Semiconductors,United States,1110,2017-Q4
LSCC,LATTICE SEMICOND,2017-12-01 00:00:00-05:00,2017,4,12,5.78000020980835,5.829999923706055,5.96999979019165,5.53000020980835,13451800,136895573,791256440.6618342,0.7912564406618342,,,,,,,,300.65216,65.235855,19.373165,13.755719,,,,-21.46738987831518,Technology,Semiconductors,United States,1110,2017-Q4
LSCC,LATTICE SEMICOND,2018-01-01 00:00:00-05:00,2018,1,1,6.510000228881836,5.78000020980835,6.71999979019165,5.78000020980835,28853000,136895573,891190211.5629101,0.8911902115629101,,,,,,,,300.65216,65.235855,19.373165,13.755719,,,,-9.457577509415216,Technology,Semiconductors,United States,1110,2018-Q1
LSCC,LATTICE SEMICOND,2018-02-01 00:00:00-05:00,2018,1,2,6.010000228881836,6.46999979019165,6.619999885559082,5.389999866485596,29352700,136895573,822742425.0629101,0.8227424250629101,,,,,,,,300.65216,65.235855,19.373165,13.755719,,,,-14.992926690841257,Technology,Semiconductors,United States,1110,2018-Q1
LSCC,LATTICE SEMICOND,2018-03-01 00:00:00-05:00,2018,1,3,5.570000171661377,6.0,6.559999942779541,5.510000228881836,18974000,136895573,762508365.1096826,0.7625083651096826,,,,,,,,300.65216,65.235855,19.373165,13.755719,,,,-19.508668927003402,Technology,Semiconductors,United States,1110,2018-Q1
LSCC,LATTICE SEMICOND,2018-04-01 00:00:00-04:00,2018,2,4,5.420000076293945,5.570000171661377,5.679999828338623,5.050000190734863,15450100,136895573,741974016.1043034,0.7419740161043034,,,,,,,,300.65216,65.235855,19.373165,13.755719,,,,-20.991254069885002,Technology,Semiconductors,United States,1110,2018-Q2
LSCC,LATTICE SEMICOND,2018-05-01 00:00:00-04:00,2018,2,5,5.75,5.429999828338623,5.820000171661377,5.289999961853027,13194300,136895573,787149544.75,0.78714954475,,,,,,,,300.65216,65.235855,19.373165,13.755719,,,,-17.266184779824034,Technology,Semiconductors,United States,1110,2018-Q2
LSCC,LATTICE SEMICOND,2018-06-01 00:00:00-04:00,2018,2,6,6.559999942779541,5.75,6.690000057220459,5.679999828338623,22481600,136895573,898034951.0467725,0.8980349510467724,,,,,,,,300.65216,65.235855,19.373165,13.755719,,,,-1.501500103959097,Technology,Semiconductors,United States,1110,2018-Q2
LSCC,LATTICE SEMICOND,2018-07-01 00:00:00-04:00,2018,3,7,7.690000057220459,6.510000228881836,7.980000019073486,6.28000020980835,26907000,136895573,1052726964.2032275,1.0527269642032275,,,,,,,,300.65216,65.235855,19.373165,13.755719,,,,10.488505963684469,Technology,Semiconductors,United States,1110,2018-Q3
LSCC,LATTICE SEMICOND,2018-08-01 00:00:00-04:00,2018,3,8,8.1899995803833,7.659999847412109,8.399999618530273,7.199999809265137,33626500,136895573,1121174685.4263315,1.1211746854263316,,,,,,,,300.65216,65.235855,19.373165,13.755719,,,,44.955742338809415,Technology,Semiconductors,United States,1110,2018-Q3
LSCC,LATTICE SEMICOND,2018-09-01 00:00:00-04:00,2018,3,9,8.0,8.199999809265137,8.319999694824219,7.230000019073486,18116100,136895573,1095164584.0,1.095164584,,,,,,,,300.65216,65.235855,19.373165,13.755719,,,,53.550862599328106,Technology,Semiconductors,United States,1110,2018-Q3
LSCC,LATTICE SEMICOND,2018-10-01 00:00:00-04:00,2018,4,10,6.010000228881836,8.0600004196167,8.899999618530273,5.579999923706055,35159600,136895573,822742425.0629101,0.8227424250629101,,,,,,,,300.65216,65.235855,19.373165,13.755719,,,,2.7350483223523625,Technology,Semiconductors,United States,1110,2018-Q4
LSCC,LATTICE SEMICOND,2018-11-01 00:00:00-04:00,2018,4,11,5.860000133514404,6.03000020980835,6.260000228881836,5.380000114440918,14907900,136895573,802208076.0575309,0.8022080760575309,,,,,,,,300.65216,65.235855,19.373165,13.755719,,,,-0.1703535304877657,Technology,Semiconductors,United States,1110,2018-Q4
LSCC,LATTICE SEMICOND,2018-12-01 00:00:00-05:00,2018,4,12,6.920000076293945,5.989999771118164,7.190000057220459,5.929999828338623,28767200,136895573,947317375.6043034,0.9473173756043034,,,,,,,,300.65216,65.235855,19.373165,13.755719,,,,19.723180365133498,Technology,Semiconductors,United States,1110,2018-Q4
LSCC,LATTICE SEMICOND,2019-01-01 00:00:00-05:00,2019,1,1,7.800000190734863,6.860000133514404,7.929999828338623,6.710000038146973,25275100,136895573,1067785495.5107584,1.0677854955107584,,,,,,,,300.65216,65.235855,19.373165,13.755719,,,,19.81566692010084,Technology,Semiconductors,United States,1110,2019-Q1
LSCC,LATTICE SEMICOND,2019-02-01 00:00:00-05:00,2019,1,2,11.800000190734863,7.800000190734863,12.5,7.679999828338623,60112600,136895573,1615367787.5107584,1.6153677875107584,,,,,,,,300.65216,65.235855,19.373165,13.755719,,,,96.33942997253861,Technology,Semiconductors,United States,1110,2019-Q1
LSCC,LATTICE SEMICOND,2019-03-01 00:00:00-05:00,2019,1,3,11.930000305175781,11.930000305175781,13.170000076293945,11.720000267028809,34905400,136895573,1633164227.6672134,1.6331642276672134,,,,,,,,300.65216,65.235855,19.373165,13.755719,,,,114.18312275594404,Technology,Semiconductors,United States,1110,2019-Q1
LSCC,LATTICE SEMICOND,2019-04-01 00:00:00-04:00,2019,2,4,12.949999809265137,12.069999694824219,13.579999923706055,11.1899995803833,37080700,136895573,1772797644.2392416,1.7727976442392417,,,,,,,,300.65216,65.235855,19.373165,13.755719,,,,138.92988241653325,Technology,Semiconductors,United States,1110,2019-Q2
LSCC,LATTICE SEMICOND,2019-05-01 00:00:00-04:00,2019,2,5,12.800000190734863,13.779999732971191,14.930000305175781,11.0600004196167,46146400,136895573,1752263360.5107584,1.7522633605107585,,,,,,,,300.65216,65.235855,19.373165,13.755719,,,,122.60869896930195,Technology,Semiconductors,United States,1110,2019-Q2
LSCC,LATTICE SEMICOND,2019-06-01 00:00:00-04:00,2019,2,6,14.59000015258789,12.930000305175781,15.369999885559082,12.65999984741211,29361900,136895573,1997306430.9586067,1.9973064309586068,,,,,,,,300.65216,65.235855,19.373165,13.755719,,,,122.40854085138837,Technology,Semiconductors,United States,1110,2019-Q2
LSCC,LATTICE SEMICOND,2019-07-01 00:00:00-04:00,2019,3,7,19.34000015258789,15.130000114440918,20.25,14.470000267028809,50174200,136895573,2647560402.7086067,2.647560402708607,,,,,,,,300.65216,65.235855,19.373165,13.755719,,,,151.49544874747778,Technology,Semiconductors,United States,1110,2019-Q3
LSCC,LATTICE SEMICOND,2019-08-01 00:00:00-04:00,2019,3,8,19.690000534057617,19.600000381469727,20.899999618530273,17.940000534057617,41725800,136895573,2695473905.4801235,2.6954739054801236,,,,,,,,300.65216,65.235855,19.373165,13.755719,,,,140.41515925372127,Technology,Semiconductors,United States,1110,2019-Q3
LSCC,LATTICE SEMICOND,2019-09-01 00:00:00-04:00,2019,3,9,18.290000915527344,19.670000076293945,21.579999923706055,17.770000457763672,38150600,136895573,2503820155.5016403,2.50382015550164,,,,,,,,300.65216,65.235855,19.373165,13.755719,,,,128.6250114440918,Technology,Semiconductors,United States,1110,2019-Q3
LSCC,LATTICE SEMICOND,2019-10-01 00:00:00-04:00,2019,4,10,19.59000015258789,18.420000076293945,20.09000015258789,17.059999465942383,33146800,136895573,2681784295.9586067,2.681784295958607,,,,,,,,300.65216,65.235855,19.373165,13.755719,,,,225.95672889404565,Technology,Semiconductors,United States,1110,2019-Q4
LSCC,LATTICE SEMICOND,2019-11-01 00:00:00-04:00,2019,4,11,18.889999389648438,19.760000228881836,21.18000030517578,18.350000381469727,22421900,136895573,2585957290.415573,2.585957290415573,,,,,,,,300.65216,65.235855,19.373165,13.755719,,,,222.35493104536127,Technology,Semiconductors,United States,1110,2019-Q4
LSCC,LATTICE SEMICOND,2019-12-01 00:00:00-05:00,2019,4,12,19.139999389648438,19.0,20.559999465942383,18.200000762939453,23861500,136895573,2620181183.665573,2.620181183665573,,,,,,,,300.65216,65.235855,19.373165,13.755719,,,,176.5895835061753,Technology,Semiconductors,United States,1110,2019-Q4
LSCC,LATTICE SEMICOND,2020-01-01 00:00:00-05:00,2020,1,1,18.600000381469727,19.459999084472656,24.200000762939453,18.450000762939453,49611700,136895573,2546257710.021517,2.546257710021517,,,,,,,,300.65216,65.235855,19.373165,13.755719,,,,138.4615375210313,Technology,Semiconductors,United States,1110,2020-Q1
LSCC,LATTICE SEMICOND,2020-02-01 00:00:00-05:00,2020,1,2,17.950000762939453,18.729999542236328,21.760000228881836,16.100000381469727,47364700,136895573,2457275639.7930336,2.4572756397930338,,,,,,,,300.65216,65.235855,19.373165,13.755719,,,,52.118648074543714,Technology,Semiconductors,United States,1110,2020-Q1
LSCC,LATTICE SEMICOND,2020-03-01 00:00:00-05:00,2020,1,3,17.81999969482422,18.18000030517578,19.969999313354492,13.539999961853027,55655500,136895573,2439479069.0827866,2.4394790690827866,,,,,,,,300.65216,65.235855,19.373165,13.755719,,,,49.371326395466106,Technology,Semiconductors,United States,1110,2020-Q1
LSCC,LATTICE SEMICOND,2020-04-01 00:00:00-04:00,2020,2,4,22.510000228881836,17.030000686645508,23.0,16.420000076293945,31369700,136895573,3081519379.56291,3.08151937956291,,,,,,,,300.65216,65.235855,19.373165,13.755719,,,,73.82239814997489,Technology,Semiconductors,United States,1110,2020-Q2
LSCC,LATTICE SEMICOND,2020-05-01 00:00:00-04:00,2020,2,5,24.8700008392334,21.56999969482422,25.56999969482422,20.59000015258789,27848300,136895573,3404593015.397337,3.404593015397337,,,,,,,,300.65216,65.235855,19.373165,13.755719,,,,94.29687866126181,Technology,Semiconductors,United States,1110,2020-Q2
LSCC,LATTICE SEMICOND,2020-06-01 00:00:00-04:00,2020,2,6,28.389999389648438,24.829999923706055,28.889999389648438,24.600000381469727,34019500,136895573,3886465233.915573,3.886465233915573,,,,,,,,300.65216,65.235855,19.373165,13.755719,,,,94.58532620106095,Technology,Semiconductors,United States,1110,2020-Q2
LSCC,LATTICE SEMICOND,2020-07-01 00:00:00-04:00,2020,3,7,31.09000015258789,28.219999313354492,31.790000915527344,27.81999969482422,33103000,136895573,4256083385.4586067,4.256083385458607,,,,,,,,300.65216,65.235855,19.373165,13.755719,,,,60.754911619934646,Technology,Semiconductors,United States,1110,2020-Q3
LSCC,LATTICE SEMICOND,2020-08-01 00:00:00-04:00,2020,3,8,28.600000381469727,31.139999389648438,31.93000030517578,28.459999084472656,18910900,136895573,3915213440.021517,3.9152134400215166,,,,,,,,300.65216,65.235855,19.373165,13.755719,,,,45.25139464572672,Technology,Semiconductors,United States,1110,2020-Q3
LSCC,LATTICE SEMICOND,2020-09-01 00:00:00-04:00,2020,3,9,28.959999084472656,28.889999389648438,31.100000381469727,26.139999389648438,21218500,136895573,3964495668.7483597,3.9644956687483597,,,,,,,,300.65216,65.235855,19.373165,13.755719,,,,58.337876625730445,Technology,Semiconductors,United States,1110,2020-Q3
LSCC,LATTICE SEMICOND,2020-10-01 00:00:00-04:00,2020,4,10,34.900001525878906,29.469999313354492,35.900001525878906,28.059999465942383,23251300,136895573,4777655706.586067,4.777655706586067,,,,,,,,300.65216,65.235855,19.373165,13.755719,,,,78.15212482920029,Technology,Semiconductors,United States,1110,2020-Q4
LSCC,LATTICE SEMICOND,2020-11-01 00:00:00-04:00,2020,4,11,41.849998474121094,35.0,41.97999954223633,34.650001525878906,17824300,136895573,5729079521.163933,5.729079521163933,,,,,,,,300.65216,65.235855,19.373165,13.755719,,,,121.54579050465478,Technology,Semiconductors,United States,1110,2020-Q4
LSCC,LATTICE SEMICOND,2020-12-01 00:00:00-05:00,2020,4,12,45.81999969482422,42.4900016784668,46.369998931884766,40.54999923706055,16518800,136895573,6272555113.082787,6.272555113082786,,,,,,,,300.65216,65.235855,19.373165,13.755719,,,,139.39394543348436,Technology,Semiconductors,United States,1110,2020-Q4
LSCC,LATTICE SEMICOND,2021-01-01 00:00:00-05:00,2021,1,1,40.11000061035156,46.04999923706055,46.88999938964844,37.380001068115234,18969600,136895573,5490881516.584427,5.490881516584427,,,,,,,,300.65216,65.235855,19.373165,13.755719,,,,115.64516014908901,Technology,Semiconductors,United States,1110,2021-Q1
LSCC,LATTICE SEMICOND,2021-02-01 00:00:00-05:00,2021,1,2,48.119998931884766,40.68000030517578,50.04999923706055,40.41999816894531,19461200,136895573,6587414826.539753,6.587414826539753,,,,,,,,300.65216,65.235855,19.373165,13.755719,,,,168.07797708419002,Technology,Semiconductors,United States,1110,2021-Q1
LSCC,LATTICE SEMICOND,2021-03-01 00:00:00-05:00,2021,1,3,45.02000045776367,48.91999816894531,51.5,39.08000183105469,31269600,136895573,6163038759.12582,6.16303875912582,,,,,,,,300.65216,65.235855,19.373165,13.755719,,,,152.6374928661735,Technology,Semiconductors,United States,1110,2021-Q1
LSCC,LATTICE SEMICOND,2021-04-01 00:00:00-04:00,2021,2,4,50.310001373291016,45.84000015258789,58.380001068115234,45.84000015258789,59148600,136895573,6887216465.6274605,6.887216465627461,,,,,,,,300.65216,65.235855,19.373165,13.755719,,,,123.50067019874977,Technology,Semiconductors,United States,1110,2021-Q2
LSCC,LATTICE SEMICOND,2021-05-01 00:00:00-04:00,2021,2,5,53.06999969482422,50.810001373291016,53.56999969482422,42.939998626708984,27807000,136895573,7265048017.332787,7.265048017332787,,,,,,,,300.65216,65.235855,19.373165,13.755719,,,,113.38961762761271,Technology,Semiconductors,United States,1110,2021-Q2
LSCC,LATTICE SEMICOND,2021-06-01 00:00:00-04:00,2021,2,6,56.18000030517578,53.41999816894531,57.599998474121094,49.43000030517578,25152100,136895573,7690793332.917213,7.690793332917213,,,,,,,,300.65216,65.235855,19.373165,13.755719,,,,97.88658511088286,Technology,Semiconductors,United States,1110,2021-Q2
LSCC,LATTICE SEMICOND,2021-07-01 00:00:00-04:00,2021,3,7,56.75,56.040000915527344,56.84000015258789,49.04999923706055,15395400,136895573,7768823767.75,7.76882376775,,,,,,,,300.65216,65.235855,19.373165,13.755719,,,,82.53457613854724,Technology,Semiconductors,United States,1110,2021-Q3
LSCC,LATTICE SEMICOND,2021-08-01 00:00:00-04:00,2021,3,8,62.119998931884766,57.36000061035156,62.79999923706055,55.06999969482422,18322500,136895573,8503952848.539753,8.503952848539752,,,,,,,,300.65216,65.235855,19.373165,13.755719,,,,117.20279057105549,Technology,Semiconductors,United States,1110,2021-Q3
LSCC,LATTICE SEMICOND,2021-09-01 00:00:00-04:00,2021,3,9,64.6500015258789,62.650001525878906,68.76000213623047,61.689998626708984,19006500,136895573,8850299003.336067,8.850299003336067,,,,,,,,300.65216,65.235855,19.373165,13.755719,,,,123.23896260252987,Technology,Semiconductors,United States,1110,2021-Q3
LSCC,LATTICE SEMICOND,2021-10-01 00:00:00-04:00,2021,4,10,69.44000244140625,64.94000244140625,70.94000244140625,62.56999969482422,14209200,136895573,9506028923.337708,9.506028923337707,,,,,,,,300.65216,65.235855,19.373165,13.755719,,,,98.96847967159938,Technology,Semiconductors,United States,1110,2021-Q4
LSCC,LATTICE SEMICOND,2021-11-01 00:00:00-04:00,2021,4,11,75.93000030517578,69.69000244140625,85.44999694824219,69.16999816894531,23160800,136895573,10394480899.667213,10.394480899667213,,,,,,,,300.65216,65.235855,19.373165,13.755719,,,,81.43369910067939,Technology,Semiconductors,United States,1110,2021-Q4
LSCC,LATTICE SEMICOND,2021-12-01 00:00:00-05:00,2021,4,12,77.05999755859375,78.18000030517578,81.47000122070312,68.6500015258789,20566300,136895573,10549172521.162292,10.549172521162292,,,,,,,,300.65216,65.235855,19.373165,13.755719,,,,68.17982992544273,Technology,Semiconductors,United States,1110,2021-Q4
LSCC,LATTICE SEMICOND,2022-01-01 00:00:00-05:00,2022,1,1,55.220001220703125,77.54000091552734,79.22000122070312,47.040000915527344,27517600,136895573,7559373708.168854,7.559373708168854,,,,,,,,300.65216,65.235855,19.373165,13.755719,,,,37.67140458844067,Technology,Semiconductors,United States,1110,2022-Q1
LSCC,LATTICE SEMICOND,2022-02-01 00:00:00-05:00,2022,1,2,62.619998931884766,55.66999816894531,65.5,53.439998626708984,26305900,136895573,8572400635.039753,8.572400635039752,,,,,,,,300.65216,65.235855,19.373165,13.755719,,,,30.133001500114666,Technology,Semiconductors,United States,1110,2022-Q1
LSCC,LATTICE SEMICOND,2022-03-01 00:00:00-05:00,2022,1,3,60.95000076293945,62.2599983215332,66.02999877929688,50.709999084472656,24914500,136895573,8343785278.793034,8.343785278793034,,,,,,,,300.65216,65.235855,19.373165,13.755719,,,,35.38427397423241,Technology,Semiconductors,United States,1110,2022-Q1
LSCC,LATTICE SEMICOND,2022-04-01 00:00:00-04:00,2022,2,4,48.040000915527344,61.290000915527344,62.06999969482422,46.470001220703125,30779800,136895573,6576463452.25164,6.57646345225164,,,,,,,,300.65216,65.235855,19.373165,13.755719,,,,-4.512026228981158,Technology,Semiconductors,United States,1110,2022-Q2
LSCC,LATTICE SEMICOND,2022-05-01 00:00:00-04:00,2022,2,5,52.02000045776367,48.369998931884766,53.13999938964844,43.59000015258789,39823400,136895573,7121307770.12582,7.12130777012582,,,,,,,,300.65216,65.235855,19.373165,13.755719,,,,-1.9785175110203612,Technology,Semiconductors,United States,1110,2022-Q2
LSCC,LATTICE SEMICOND,2022-06-01 00:00:00-04:00,2022,2,6,48.5,52.220001220703125,54.369998931884766,44.33000183105469,49569000,136895573,6639435290.5,6.6394352905,,,,,,,,300.65216,65.235855,19.373165,13.755719,,,,-13.670345787570659,Technology,Semiconductors,United States,1110,2022-Q2
LSCC,LATTICE SEMICOND,2022-07-01 00:00:00-04:00,2022,3,7,61.5,47.91999816894531,61.630001068115234,43.40999984741211,27712900,136895573,8419077739.5,8.4190777395,,,,,,,,300.65216,65.235855,19.373165,13.755719,,,,8.370044052863435,Technology,Semiconductors,United States,1110,2022-Q3
LSCC,LATTICE SEMICOND,2022-08-01 00:00:00-04:00,2022,3,8,53.900001525878906,60.900001525878906,65.41999816894531,53.529998779296875,28727200,136895573,7378671593.586067,7.378671593586067,,,,,,,,300.65216,65.235855,19.373165,13.755719,,,,-13.23244936790674,Technology,Semiconductors,United States,1110,2022-Q3
LSCC,LATTICE SEMICOND,2022-09-01 00:00:00-04:00,2022,3,9,49.209999084472656,52.4900016784668,55.56999969482422,47.709999084472656,30323100,136895573,6736631021.99836,6.73663102199836,,,,,,,,300.65216,65.235855,19.373165,13.755719,,,,-23.88244714151435,Technology,Semiconductors,United States,1110,2022-Q3
LSCC,LATTICE SEMICOND,2022-10-01 00:00:00-04:00,2022,4,10,48.5099983215332,49.68000030517578,56.66999816894531,44.529998779296875,27584300,136895573,6640804016.455326,6.640804016455326,,,,,,,,300.65216,65.235855,19.373165,13.755719,,,,-30.1411339055379,Technology,Semiconductors,United States,1110,2022-Q4
LSCC,LATTICE SEMICOND,2022-11-01 00:00:00-04:00,2022,4,11,72.83000183105469,52.43000030517578,72.91000366210938,49.029998779296875,43753000,136895573,9970104832.25328,9.97010483225328,,,,,,,,300.65216,65.235855,19.373165,13.755719,,,,-4.082705731149305,Technology,Semiconductors,United States,1110,2022-Q4
LSCC,LATTICE SEMICOND,2022-12-01 00:00:00-05:00,2022,4,12,64.87999725341797,73.08999633789062,76.47000122070312,62.290000915527344,24897900,136895573,8881784400.245079,8.88178440024508,,,,,,,,300.65216,65.235855,19.373165,13.755719,,,,-15.805866456087713,Technology,Semiconductors,United States,1110,2022-Q4
LSCC,LATTICE SEMICOND,2023-01-01 00:00:00-05:00,2023,1,1,75.79000091552734,66.87000274658203,77.66000366210938,63.4900016784668,22688900,136895573,10375315603.00164,10.37531560300164,,,,,,,,300.65216,65.235855,19.373165,13.755719,,,,37.25099463980472,Technology,Semiconductors,United States,1110,2023-Q1
LSCC,LATTICE SEMICOND,2023-02-01 00:00:00-05:00,2023,1,2,84.95999908447266,76.12000274658203,92.55000305175781,75.97000122070312,40715600,136895573,11630647756.74836,11.63064775674836,,,,,,,,300.65216,65.235855,19.373165,13.755719,,,,35.67550388636758,Technology,Semiconductors,United States,1110,2023-Q1
LSCC,LATTICE SEMICOND,2023-03-01 00:00:00-05:00,2023,1,3,95.5,85.58000183105469,96.81999969482422,83.0,37560500,136895573,13073527221.5,13.0735272215,,,,,,,,300.65216,65.235855,19.373165,13.755719,,,,56.68580607806754,Technology,Semiconductors,United States,1110,2023-Q1
LSCC,LATTICE SEMICOND,2023-04-01 00:00:00-04:00,2023,2,4,79.69999694824219,94.80999755859375,96.16999816894531,75.86000061035156,30716500,136895573,10910576750.327866,10.910576750327866,,,,,,,,300.65216,65.235855,19.373165,13.755719,,,,65.90340430755862,Technology,Semiconductors,United States,1110,2023-Q2
LSCC,LATTICE SEMICOND,2023-05-01 00:00:00-04:00,2023,2,5,81.30999755859375,80.47000122070312,87.41999816894531,75.16000366210938,69089100,136895573,11130978706.412292,11.130978706412293,,,,,,,,300.65216,65.235855,19.373165,13.755719,,,,56.305261136264996,Technology,Semiconductors,United States,1110,2023-Q2
LSCC,LATTICE SEMICOND,2023-06-01 00:00:00-04:00,2023,2,6,96.06999969482422,81.87000274658203,96.91000366210938,76.91000366210938,41958300,136895573,13151557656.332787,13.151557656332786,,,,,,,,300.65216,65.235855,19.373165,13.755719,,,,98.08247359757571,Technology,Semiconductors,United States,1110,2023-Q2
LSCC,LATTICE SEMICOND,2023-07-01 00:00:00-04:00,2023,3,7,90.94000244140625,96.31999969482422,98.18000030517578,84.69999694824219,33550300,136895573,12449283742.837708,12.449283742837707,,,,,,,,300.65216,65.235855,19.373165,13.755719,,,,47.869922668953244,Technology,Semiconductors,United States,1110,2023-Q3
LSCC,LATTICE SEMICOND,2023-08-01 00:00:00-04:00,2023,3,8,97.26000213623047,89.06999969482422,98.30000305175781,84.45999908447266,38143900,136895573,13314463722.420494,13.314463722420495,,,,,,,,300.65216,65.235855,19.373165,13.755719,,,,80.44526787171465,Technology,Semiconductors,United States,1110,2023-Q3
LSCC,LATTICE SEMICOND,2023-09-01 00:00:00-04:00,2023,3,9,85.93000030517578,97.5,98.0,81.83999633789062,27041600,136895573,11763436629.667213,11.763436629667213,,,,,,,,300.65216,65.235855,19.373165,13.755719,,,,74.61898375098623,Technology,Semiconductors,United States,1110,2023-Q3
LSCC,LATTICE SEMICOND,2023-10-01 00:00:00-04:00,2023,4,10,55.61000061035156,86.33999633789062,87.63999938964844,53.7400016784668,58965800,136895573,7612762898.084427,7.612762898084427,,,,,,,,300.65216,65.235855,19.373165,13.755719,,,,14.636162717958134,Technology,Semiconductors,United States,1110,2023-Q4
LSCC,LATTICE SEMICOND,2023-11-01 00:00:00-04:00,2023,4,11,58.54999923706055,55.81999969482422,61.15999984741211,51.959999084472656,52694700,136895573,8015235694.706966,8.015235694706966,,,,,,,,300.65216,65.235855,19.373165,13.755719,,,,-19.60730775089059,Technology,Semiconductors,United States,1110,2023-Q4
LSCC,LATTICE SEMICOND,2023-12-01 00:00:00-05:00,2023,4,12,68.98999786376953,59.58000183105469,71.91000366210938,58.0,41213700,136895573,9444425288.829506,9.444425288829505,,,,,,,,300.65216,65.235855,19.373165,13.755719,,,,6.334773095470569,Technology,Semiconductors,United States,1110,2023-Q4
LSCC,LATTICE SEMICOND,2024-01-01 00:00:00-05:00,2024,1,1,60.86000061035156,68.16000366210938,71.05000305175781,59.349998474121094,46390900,136895573,8331464656.334427,8.331464656334427,,,,,,,,300.65216,65.235855,19.373165,13.755719,,,,-19.699168920470377,Technology,Semiconductors,United States,1110,2024-Q1
LSCC,LATTICE SEMICOND,2024-02-01 00:00:00-05:00,2024,1,2,76.61000061035156,60.88999938964844,77.26000213623047,60.08000183105469,58233000,136895573,10487569931.084427,10.487569931084426,,,,,,,,300.65216,65.235855,19.373165,13.755719,,,,-9.82815273552321,Technology,Semiconductors,United States,1110,2024-Q1
LSCC,LATTICE SEMICOND,2024-03-01 00:00:00-05:00,2024,1,3,78.2300033569336,77.0,85.69000244140625,74.37000274658203,34288200,136895573,10709341135.339348,10.709341135339347,,,,,,,,300.65216,65.235855,19.373165,13.755719,,,,-18.08376611839414,Technology,Semiconductors,United States,1110,2024-Q1
LSCC,LATTICE SEMICOND,2024-04-01 00:00:00-04:00,2024,2,4,68.5999984741211,78.25,80.12999725341797,65.38999938964844,42507500,136895573,9391036098.913933,9.391036098913933,124076000.0,124.076,84751000.0,22631000.0,25144000.0,36347000.0,18.92194320197688,300.65216,65.235855,19.373165,13.755719,,,,-13.927225720384307,Technology,Semiconductors,United States,1110,2024-Q2
LSCC,LATTICE SEMICOND,2024-05-01 00:00:00-04:00,2024,2,5,74.23999786376953,67.69000244140625,78.29000091552734,66.4000015258789,36786000,136895573,10163127047.079506,10.163127047079506,124076000.0,124.076,84751000.0,22631000.0,25144000.0,36347000.0,20.47762469591119,300.65216,65.235855,19.373165,13.755719,,0.0,,-8.695117337482916,Technology,Semiconductors,United States,1110,2024-Q2
LSCC,LATTICE SEMICOND,2024-06-01 00:00:00-04:00,2024,2,6,57.9900016784668,66.62999725341797,67.0,55.86000061035156,49505100,136895573,7938574508.044674,7.938574508044674,124076000.0,124.076,84751000.0,22631000.0,25144000.0,36347000.0,15.995386916173704,300.65216,65.235855,19.373165,13.755719,,0.0,,-39.6377621914461,Technology,Semiconductors,United States,1110,2024-Q2
LSCC,LATTICE SEMICOND,2024-07-01 00:00:00-04:00,2024,3,7,53.0,57.88999938964844,63.20000076293945,47.58000183105469,60261300,136895573,7255465369.0,7.255465369,127091000.0,127.091,87688000.0,7190000.0,14426000.0,26324000.0,14.272185616998843,300.65216,65.235855,19.373165,13.755719,,2.4299622811825072,,-41.71981682742032,Technology,Semiconductors,United States,1110,2024-Q3
LSCC,LATTICE SEMICOND,2024-08-01 00:00:00-04:00,2024,3,8,47.36000061035156,52.119998931884766,52.84000015258789,41.650001525878906,69734400,136895573,6483374420.834427,6.483374420834427,127091000.0,127.091,87688000.0,7190000.0,14426000.0,26324000.0,12.753409802492754,300.65216,65.235855,19.373165,13.755719,,0.0,2.4299622811825072,-51.305778768115594,Technology,Semiconductors,United States,1110,2024-Q3
LSCC,LATTICE SEMICOND,2024-09-01 00:00:00-04:00,2024,3,9,53.06999969482422,46.529998779296875,55.400001525878906,40.650001525878906,56986700,136895573,7265048017.332787,7.265048017332787,127091000.0,127.091,87688000.0,7190000.0,14426000.0,26324000.0,14.291035591294401,300.65216,65.235855,19.373165,13.755719,,0.0,2.4299622811825072,-38.240428830037274,Technology,Semiconductors,United States,1110,2024-Q3
LSCC,LATTICE SEMICOND,2024-10-01 00:00:00-04:00,2024,4,10,50.65999984741211,53.15999984741211,55.83000183105469,48.22999954223633,45286600,136895573,6935129707.291393,6.935129707291393,117419000.0,117.419,71753000.0,16514000.0,2829000.0,15001000.0,14.765774081050326,300.65216,65.235855,19.373165,13.755719,,-7.610294985482846,-5.365260001934303,-8.901278023036074,Technology,Semiconductors,United States,1110,2024-Q4
LSCC,LATTICE SEMICOND,2024-11-01 00:00:00-04:00,2024,4,11,56.75,50.88999938964844,58.70000076293945,48.0,50640700,136895573,7768823767.75,7.76882376775,117419000.0,117.419,71753000.0,16514000.0,2829000.0,15001000.0,16.540814876106083,300.65216,65.235855,19.373165,13.755719,,0.0,-7.610294985482846,-3.0742942109573845,Technology,Semiconductors,United States,1110,2024-Q4
LSCC,LATTICE SEMICOND,2024-12-01 00:00:00-05:00,2024,4,12,56.650001525878906,56.43000030517578,64.69000244140625,55.95000076293945,42675300,136895573,7755134419.336067,7.755134419336067,117419000.0,117.419,71753000.0,16514000.0,2829000.0,15001000.0,16.51166851049674,300.65216,65.235855,19.373165,13.755719,,0.0,-7.610294985482846,-17.88664548483925,Technology,Semiconductors,United States,1110,2024-Q4
LSCC,LATTICE SEMICOND,2025-01-01 00:00:00-05:00,2025,1,1,57.02000045776367,57.2599983215332,61.880001068115234,52.619998931884766,38492500,136895573,7805785635.12582,7.805785635125821,120150000.0,120.15,81728000.0,5022000.0,7215000.0,18004000.0,16.24175121749026,300.65216,65.235855,19.373165,13.755719,,2.325858677045445,-5.461441014706003,-6.309563118760064,Technology,Semiconductors,United States,1110,2025-Q1
LSCC,LATTICE SEMICOND,2025-02-01 00:00:00-05:00,2025,1,2,62.34000015258789,55.11000061035156,70.55000305175781,52.439998626708984,56085400,136895573,8534070041.708607,8.534070041708606,120150000.0,120.15,81728000.0,5022000.0,7215000.0,18004000.0,17.757116191653363,300.65216,65.235855,19.373165,13.755719,,0.0,2.325858677045445,-18.62681157038851,Technology,Semiconductors,United States,1110,2025-Q1
LSCC,LATTICE SEMICOND,2025-03-01 00:00:00-05:00,2025,1,3,52.45000076293945,64.0199966430664,64.83999633789062,51.43000030517578,44616400,136895573,7180172908.293034,7.1801729082930335,120150000.0,120.15,81728000.0,5022000.0,7215000.0,18004000.0,14.940018535774103,300.65216,65.235855,19.373165,13.755719,,0.0,2.325858677045445,-32.95411157835421,Technology,Semiconductors,United States,1110,2025-Q1
LSCC,LATTICE SEMICOND,2025-04-01 00:00:00-04:00,2025,2,4,48.93000030517578,52.22999954223633,53.18000030517578,34.689998626708984,86301100,136895573,6698300428.667213,6.698300428667213,123971000.0,123.971,84751000.0,2913000.0,6397000.0,16987000.0,13.50779704258902,300.65216,65.235855,19.373165,13.755719,,3.1801914273824394,5.5800168626883195,-28.67346735636691,Technology,Semiconductors,United States,1110,2025-Q2
LSCC,LATTICE SEMICOND,2025-05-01 00:00:00-04:00,2025,2,5,44.939998626708984,49.93000030517578,57.22999954223633,43.900001525878906,61444700,136895573,6152086862.6225395,6.152086862622539,123971000.0,123.971,84751000.0,2913000.0,6397000.0,16987000.0,12.406302406656676,300.65216,65.235855,19.373165,13.755719,,0.0,3.1801914273824394,-39.46659493555762,Technology,Semiconductors,United States,1110,2025-Q2
LSCC,LATTICE SEMICOND,2025-06-01 00:00:00-04:00,2025,2,6,48.9900016784668,44.68000030517578,52.09000015258789,44.150001525878906,44903500,136895573,6706514351.044674,6.706514351044674,123971000.0,123.971,84751000.0,2913000.0,6397000.0,16987000.0,13.52436124384871,300.65216,65.235855,19.373165,13.755719,,0.0,3.1801914273824394,-15.519916777898512,Technology,Semiconductors,United States,1110,2025-Q2
LSCC,LATTICE SEMICOND,2025-07-01 00:00:00-04:00,2025,3,7,49.83000183105469,48.22999954223633,56.75,48.099998474121094,42747400,136895573,6821506653.253281,6.82150665325328,,,,,,,,300.65216,65.235855,19.373165,13.755719,,0.0,3.1801914273824394,-5.981128620651532,Technology,Semiconductors,United States,1110,2025-Q3
LSCC,LATTICE SEMICOND,2025-08-01 00:00:00-04:00,2025,3,8,66.37999725341797,48.81999969482422,67.0,46.43000030517578,65252300,136895573,9087127759.745079,9.08712775974508,,,,,,,,300.65216,65.235855,19.373165,13.755719,,0.0,0.0,40.16046536728544,Technology,Semiconductors,United States,1110,2025-Q3
LSCC,LATTICE SEMICOND,2025-09-01 00:00:00-04:00,2025,3,9,73.31999969482422,64.62000274658203,76.61000061035156,64.0199966430664,58599100,136895573,10037183370.582787,10.037183370582786,,,,,,,,300.65216,65.235855,19.373165,13.755719,,0.0,0.0,38.1571511521507,Technology,Semiconductors,United States,1110,2025-Q3
LSCC,LATTICE SEMICOND,2025-10-01 00:00:00-04:00,2025,4,10,69.1500015258789,72.5999984741211,76.1500015258789,65.8499984741211,26428601,136895573,9466329081.836067,9.466329081836067,,,,,,,,300.65216,65.235855,19.373165,13.755719,,0.0,0.0,36.49822687358601,Technology,Semiconductors,United States,1110,2025-Q4
