ticker,company_name,date,year,quarter,month,close_price,open_price,high_price,low_price,volume,shares_outstanding,market_cap,market_cap_billions,revenue,revenue_millions,gross_profit,net_income,operating_income,ebitda,ps_ratio,current_pe,forward_pe,current_ps,current_pb,peg_ratio,revenue_qoq_pct,revenue_yoy_pct,market_cap_yoy_pct,sector,industry,country,employees,year_quarter
MCHP,MICROCHIP TECHNOLOGY INC,2015-01-01 00:00:00-05:00,2015,1,1,18.18549156188965,18.290331180835658,19.088718457689904,17.137104601540056,65572600,539679667,9814340030.351915,9.814340030351916,,,,,,,,,25.738462,8.526219,5.266803,,,,,Technology,Semiconductors,United States,19400,2015-Q1
MCHP,MICROCHIP TECHNOLOGY INC,2015-02-01 00:00:00-05:00,2015,1,2,20.673391342163086,18.21774563699092,20.83871389375464,17.78629406239382,189430600,539679667,11157008955.299257,11.157008955299258,,,,,,,,,25.738462,8.526219,5.266803,,,,,Technology,Semiconductors,United States,19400,2015-Q1
MCHP,MICROCHIP TECHNOLOGY INC,2015-03-01 00:00:00-05:00,2015,1,3,19.857542037963867,20.958031180367673,21.295080668853306,19.041310940394872,125199600,539679667,10716711674.486841,10.716711674486842,,,,,,,,,25.738462,8.526219,5.266803,,,,,Technology,Semiconductors,United States,19400,2015-Q1
MCHP,MICROCHIP TECHNOLOGY INC,2015-04-01 00:00:00-04:00,2015,2,4,19.354000091552734,19.81693648186462,20.454489447341928,19.094106086401535,77003000,539679667,10444960324.52715,10.44496032452715,,,,,,,,,25.738462,8.526219,5.266803,,,,,Technology,Semiconductors,United States,19400,2015-Q2
MCHP,MICROCHIP TECHNOLOGY INC,2015-05-01 00:00:00-04:00,2015,2,5,19.950944900512695,19.528616373928667,20.357029664745696,18.976340846717314,78861200,539679667,10767119300.24404,10.76711930024404,,,,,,,,,25.738462,8.526219,5.266803,,,,,Technology,Semiconductors,United States,19400,2015-Q2
MCHP,MICROCHIP TECHNOLOGY INC,2015-06-01 00:00:00-04:00,2015,2,6,19.40241241455078,20.14692821564983,20.744176880620085,18.10564485296876,80369800,539679667,10471087470.881432,10.471087470881432,,,,,,,,,25.738462,8.526219,5.266803,,,,,Technology,Semiconductors,United States,19400,2015-Q2
MCHP,MICROCHIP TECHNOLOGY INC,2015-07-01 00:00:00-04:00,2015,3,7,17.524763107299805,19.594681993240332,19.619225480579892,16.735248680951727,112572000,539679667,9457758318.001444,9.457758318001444,,,,,,,,,25.738462,8.526219,5.266803,,,,,Technology,Semiconductors,United States,19400,2015-Q3
MCHP,MICROCHIP TECHNOLOGY INC,2015-08-01 00:00:00-04:00,2015,3,8,17.38567543029785,17.25886170655705,18.257005012331717,15.450752210844247,126218400,539679667,9382695526.793226,9.382695526793226,,,,,,,,,25.738462,8.526219,5.266803,,,,,Technology,Semiconductors,United States,19400,2015-Q3
MCHP,MICROCHIP TECHNOLOGY INC,2015-09-01 00:00:00-04:00,2015,3,9,17.627029418945312,16.95614714031879,18.715168091460665,16.39980528180035,114847600,539679667,9512949367.01561,9.51294936701561,,,,,,,,,25.738462,8.526219,5.266803,,,,,Technology,Semiconductors,United States,19400,2015-Q3
MCHP,MICROCHIP TECHNOLOGY INC,2015-10-01 00:00:00-04:00,2015,4,10,19.91313362121582,17.76883235677865,20.453331507593496,17.051315577579167,94952600,539679667,10746713321.624258,10.746713321624258,,,,,,,,,25.738462,8.526219,5.266803,,,,,Technology,Semiconductors,United States,19400,2015-Q4
MCHP,MICROCHIP TECHNOLOGY INC,2015-11-01 00:00:00-04:00,2015,4,11,19.909008026123047,19.876019600480898,20.552298843166977,18.148206958712496,67542400,539679667,10744486821.838413,10.744486821838413,,,,,,,,,25.738462,8.526219,5.266803,,,,,Technology,Semiconductors,United States,19400,2015-Q4
MCHP,MICROCHIP TECHNOLOGY INC,2015-12-01 00:00:00-05:00,2015,4,12,19.34218406677246,20.177546265831378,20.231575155794783,18.353047456694714,88071600,539679667,10438583456.208467,10.438583456208468,,,,,,,,,25.738462,8.526219,5.266803,,,,,Technology,Semiconductors,United States,19400,2015-Q4
MCHP,MICROCHIP TECHNOLOGY INC,2016-01-01 00:00:00-05:00,2016,1,1,18.623188018798828,18.976450257453532,19.246593088472597,16.474517720914672,137297600,539679667,10050555908.463741,10.05055590846374,,,,,,,,,25.738462,8.526219,5.266803,,,,2.406844244048023,Technology,Semiconductors,United States,19400,2016-Q1
MCHP,MICROCHIP TECHNOLOGY INC,2016-02-01 00:00:00-05:00,2016,1,2,18.490196228027344,18.477727047776224,18.776962007384316,16.21268816830091,118834400,539679667,9978782943.106453,9.978782943106452,,,,,,,,,25.738462,8.526219,5.266803,,,,-10.560411100442657,Technology,Semiconductors,United States,19400,2016-Q1
MCHP,MICROCHIP TECHNOLOGY INC,2016-03-01 00:00:00-05:00,2016,1,3,20.202091217041016,18.693220398180273,20.738577766579397,18.475273936572332,99497000,539679667,10902657860.71632,10.902657860716321,,,,,,,,,25.738462,8.526219,5.266803,,,,1.7351048705747996,Technology,Semiconductors,United States,19400,2016-Q1
MCHP,MICROCHIP TECHNOLOGY INC,2016-04-01 00:00:00-04:00,2016,2,4,20.365554809570312,20.080545889173255,21.241537779849683,19.917085219886527,97796200,539679667,10990875837.899155,10.990875837899155,,,,,,,,,25.738462,8.526219,5.266803,,,,5.226592504043048,Technology,Semiconductors,United States,19400,2016-Q2
MCHP,MICROCHIP TECHNOLOGY INC,2016-05-01 00:00:00-04:00,2016,2,5,21.660667419433594,20.478719370830852,21.685815828564618,19.690753472143626,78516400,539679667,11689821779.917671,11.689821779917672,,,,,,,,,25.738462,8.526219,5.266803,,,,8.569631801634436,Technology,Semiconductors,United States,19400,2016-Q2
MCHP,MICROCHIP TECHNOLOGY INC,2016-06-01 00:00:00-04:00,2016,2,6,21.434730529785156,21.696542827660565,22.452415695550574,20.189017532540323,91510800,539679667,11567888234.549187,11.567888234549187,,,,,,,,,25.738462,8.526219,5.266803,,,,10.474564048078093,Technology,Semiconductors,United States,19400,2016-Q2
MCHP,MICROCHIP TECHNOLOGY INC,2016-07-01 00:00:00-04:00,2016,3,7,23.49543571472168,21.36294229748012,24.80449224404243,20.678855647955505,94124200,539679667,12680008922.540903,12.680008922540903,,,,,,,,,25.738462,8.526219,5.266803,,,,34.06991906746424,Technology,Semiconductors,United States,19400,2016-Q3
MCHP,MICROCHIP TECHNOLOGY INC,2016-08-01 00:00:00-04:00,2016,3,8,26.143108367919922,23.664348578321047,26.28246022791246,23.01826517149546,96178000,539679667,14108904018.343937,14.108904018343937,,,,,,,,,25.738462,8.526219,5.266803,,,,50.371542783782644,Technology,Semiconductors,United States,19400,2016-Q3
MCHP,MICROCHIP TECHNOLOGY INC,2016-09-01 00:00:00-04:00,2016,3,9,26.39613914489746,26.37914735631436,26.808181105693897,24.70124793417355,90309400,539679667,14245459583.803926,14.245459583803926,,,,,,,,,25.738462,8.526219,5.266803,,,,49.748085837578614,Technology,Semiconductors,United States,19400,2016-Q3
MCHP,MICROCHIP TECHNOLOGY INC,2016-10-01 00:00:00-04:00,2016,4,10,25.720735549926758,26.362161910210453,26.591544615465327,24.43363731209234,70554600,539679667,13880957996.579535,13.880957996579534,,,,,,,,,25.738462,8.526219,5.266803,,,,29.16468115557369,Technology,Semiconductors,United States,19400,2016-Q4
MCHP,MICROCHIP TECHNOLOGY INC,2016-11-01 00:00:00-04:00,2016,4,11,28.11227035522461,25.826926688847742,28.379883728289972,25.223732789705487,105365800,539679667,15171620703.921589,15.171620703921588,,,,,,,,,25.738462,8.526219,5.266803,,,,41.203772274027315,Technology,Semiconductors,United States,19400,2016-Q4
MCHP,MICROCHIP TECHNOLOGY INC,2016-12-01 00:00:00-05:00,2016,4,12,27.400634765625,28.331786608653026,28.357413594635144,25.956922020934165,82068400,539679667,14787565445.901123,14.787565445901123,,,,,,,,,25.738462,8.526219,5.266803,,,,41.66256856533583,Technology,Semiconductors,United States,19400,2016-Q4
MCHP,MICROCHIP TECHNOLOGY INC,2017-01-01 00:00:00-05:00,2017,1,1,28.767457962036133,27.554399652999976,29.510669788822682,26.571990705664643,82009200,539679667,15525212133.388159,15.525212133388159,,,,,,,,,25.738462,8.526219,5.266803,,,,54.471178259046525,Technology,Semiconductors,United States,19400,2017-Q1
MCHP,MICROCHIP TECHNOLOGY INC,2017-02-01 00:00:00-05:00,2017,1,2,30.975740432739258,28.921227984394367,32.67573431873722,28.77600406274394,236783800,539679667,16716977281.819159,16.716977281819158,,,,,,,,,25.738462,8.526219,5.266803,,,,67.52521201363126,Technology,Semiconductors,United States,19400,2017-Q1
MCHP,MICROCHIP TECHNOLOGY INC,2017-03-01 00:00:00-05:00,2017,1,3,31.672956466674805,31.441139907004956,32.15376154694004,30.85730633640312,113498400,539679667,17093250598.840555,17.093250598840555,,,,,,,,,25.738462,8.526219,5.266803,,,,56.78058338810885,Technology,Semiconductors,United States,19400,2017-Q1
MCHP,MICROCHIP TECHNOLOGY INC,2017-04-01 00:00:00-04:00,2017,2,4,32.4456787109375,31.741644680856236,33.192641006225344,30.6512497134824,92693000,539679667,17510273082.30774,17.51027308230774,,,,,,,,,25.738462,8.526219,5.266803,,,,59.316448848672756,Technology,Semiconductors,United States,19400,2017-Q2
MCHP,MICROCHIP TECHNOLOGY INC,2017-05-01 00:00:00-04:00,2017,2,5,35.759788513183594,32.59163240073231,36.06028961656845,32.00350834479105,110888800,539679667,19298830756.785347,19.298830756785346,,,,,,,,,25.738462,8.526219,5.266803,,,,65.09088949447836,Technology,Semiconductors,United States,19400,2017-Q2
MCHP,MICROCHIP TECHNOLOGY INC,2017-06-01 00:00:00-04:00,2017,2,6,33.28440856933594,36.06170413294987,37.73066627511723,32.909213871756506,126581000,539679667,17962918532.991165,17.962918532991164,,,,,,,,,25.738462,8.526219,5.266803,,,,55.282607929615764,Technology,Semiconductors,United States,19400,2017-Q2
MCHP,MICROCHIP TECHNOLOGY INC,2017-07-01 00:00:00-04:00,2017,3,7,34.517799377441406,33.52159708636359,35.95819570670147,32.68927121716768,74997800,539679667,18628554473.590385,18.628554473590384,,,,,,,,,25.738462,8.526219,5.266803,,,,46.91278679208906,Technology,Semiconductors,United States,19400,2017-Q3
MCHP,MICROCHIP TECHNOLOGY INC,2017-08-01 00:00:00-04:00,2017,3,8,37.43309020996094,34.763609661085006,37.50640307366975,34.12966166144587,85556800,539679667,20201877659.29268,20.20187765929268,,,,,,,,,25.738462,8.526219,5.266803,,,,43.18530789511967,Technology,Semiconductors,United States,19400,2017-Q3
MCHP,MICROCHIP TECHNOLOGY INC,2017-09-01 00:00:00-04:00,2017,3,9,38.885498046875,37.664100250971245,39.77339502559047,36.815185775504425,82962600,539679667,20985712637.06665,20.98571263706665,,,,,,,,,25.738462,8.526219,5.266803,,,,47.31509723228524,Technology,Semiconductors,United States,19400,2017-Q3
MCHP,MICROCHIP TECHNOLOGY INC,2017-10-01 00:00:00-04:00,2017,4,10,41.05976104736328,39.14104007568826,41.4452374302207,38.98944549221948,64720800,539679667,22159118169.140587,22.159118169140587,,,,,,,,,25.738462,8.526219,5.266803,,,,59.6368073053813,Technology,Semiconductors,United States,19400,2017-Q4
MCHP,MICROCHIP TECHNOLOGY INC,2017-11-01 00:00:00-04:00,2017,4,11,37.67709732055664,40.84320588068017,41.544857969287946,37.226652250203195,99547400,539679667,20333563335.4846,20.3335633354846,,,,,,,,,25.738462,8.526219,5.266803,,,,34.023673095312375,Technology,Semiconductors,United States,19400,2017-Q4
MCHP,MICROCHIP TECHNOLOGY INC,2017-12-01 00:00:00-05:00,2017,4,12,38.214508056640625,37.57093374597307,39.523403760788035,37.005629027633155,70042200,539679667,20623592982.57663,20.62359298257663,,,,,,,,,25.738462,8.526219,5.266803,,,,39.46577655413292,Technology,Semiconductors,United States,19400,2017-Q4
MCHP,MICROCHIP TECHNOLOGY INC,2018-01-01 00:00:00-05:00,2018,1,1,41.40629577636719,38.51890053211148,43.123946898588585,38.37974907398949,88639000,539679667,22346135916.29335,22.34613591629335,,,,,,,,,25.738462,8.526219,5.266803,,,,43.934496509946364,Technology,Semiconductors,United States,19400,2018-Q1
MCHP,MICROCHIP TECHNOLOGY INC,2018-02-01 00:00:00-05:00,2018,1,2,38.67109680175781,41.27149360707927,41.69764349479907,34.06170103334956,168877400,539679667,20870004644.49742,20.87000464449742,,,,,,,,,25.738462,8.526219,5.266803,,,,24.843171661152887,Technology,Semiconductors,United States,19400,2018-Q1
MCHP,MICROCHIP TECHNOLOGY INC,2018-03-01 00:00:00-05:00,2018,1,3,39.90142822265625,38.879432822945404,44.321333657289905,38.241779054501485,142454400,539679667,21533989496.027527,21.533989496027527,,,,,,,,,25.738462,8.526219,5.266803,,,,25.97948746792602,Technology,Semiconductors,United States,19400,2018-Q1
MCHP,MICROCHIP TECHNOLOGY INC,2018-04-01 00:00:00-04:00,2018,2,4,36.53846740722656,39.73983894091944,39.96258213499741,35.499001389619025,117863800,539679667,19719067923.022385,19.719067923022383,,,,,,,,,25.738462,8.526219,5.266803,,,,12.614279802103123,Technology,Semiconductors,United States,19400,2018-Q2
MCHP,MICROCHIP TECHNOLOGY INC,2018-05-01 00:00:00-04:00,2018,2,5,42.530662536621094,36.33318977252228,43.277503736568704,36.09297622920549,95229200,539679667,22952933795.053047,22.952933795053045,,,,,,,,,25.738462,8.526219,5.266803,,,,18.93432345367836,Technology,Semiconductors,United States,19400,2018-Q2
MCHP,MICROCHIP TECHNOLOGY INC,2018-06-01 00:00:00-04:00,2018,2,6,39.87782287597656,43.1268038926125,45.687401444817866,39.4305964127427,98508200,539679667,21521250170.392014,21.521250170392012,,,,,,,,,25.738462,8.526219,5.266803,,,,19.809317906026934,Technology,Semiconductors,United States,19400,2018-Q2
MCHP,MICROCHIP TECHNOLOGY INC,2018-07-01 00:00:00-04:00,2018,3,7,40.96520233154297,39.557750104742475,42.49104029756656,39.110520293505004,69813800,539679667,22108086752.874733,22.108086752874733,,,,,,,,,25.738462,8.526219,5.266803,,,,18.67848782479211,Technology,Semiconductors,United States,19400,2018-Q3
MCHP,MICROCHIP TECHNOLOGY INC,2018-08-01 00:00:00-04:00,2018,3,8,37.72061538696289,40.95205840625051,43.08296874455906,34.971479792326896,185046400,539679667,20357049151.07121,20.35704915107121,,,,,,,,,25.738462,8.526219,5.266803,,,,0.7681043039440061,Technology,Semiconductors,United States,19400,2018-Q3
MCHP,MICROCHIP TECHNOLOGY INC,2018-09-01 00:00:00-04:00,2018,3,9,34.75117492675781,37.503612301140144,37.944002281041314,34.293168944471525,126814800,539679667,18754502512.331406,18.754502512331406,,,,,,,,,25.738462,8.526219,5.266803,,,,-10.6320436352221,Technology,Semiconductors,United States,19400,2018-Q3
MCHP,MICROCHIP TECHNOLOGY INC,2018-10-01 00:00:00-04:00,2018,4,10,28.968841552734375,34.92291374533649,35.09906698377291,26.73166216150611,253340000,539679667,15633894762.55545,15.63389476255545,,,,,,,,,25.738462,8.526219,5.266803,,,,-29.447125814204767,Technology,Semiconductors,United States,19400,2018-Q4
MCHP,MICROCHIP TECHNOLOGY INC,2018-11-01 00:00:00-04:00,2018,4,11,33.02924346923828,29.175831731160482,33.628174019606476,28.920404775287025,150107000,539679667,17825211116.74044,17.82521111674044,,,,,,,,,25.738462,8.526219,5.266803,,,,-12.33601891296039,Technology,Semiconductors,United States,19400,2018-Q4
MCHP,MICROCHIP TECHNOLOGY INC,2018-12-01 00:00:00-05:00,2018,4,12,31.830095291137695,34.565217699663336,35.676085458440234,29.06399266829988,110919800,539679667,17178055227.29946,17.17805522729946,,,,,,,,,25.738462,8.526219,5.266803,,,,-16.706777321430145,Technology,Semiconductors,United States,19400,2018-Q4
MCHP,MICROCHIP TECHNOLOGY INC,2019-01-01 00:00:00-05:00,2019,1,1,35.56986999511719,31.099845212553404,36.171774228665846,29.280859135441407,130905000,539679667,19196335594.198135,19.196335594198136,,,,,,,,,25.738462,8.526219,5.266803,,,,-14.095503284747258,Technology,Semiconductors,United States,19400,2019-Q1
MCHP,MICROCHIP TECHNOLOGY INC,2019-02-01 00:00:00-05:00,2019,1,2,38.44660949707031,35.64510033602824,40.637361122069485,35.366278445610604,127544600,539679667,20748853410.657944,20.748853410657944,,,,,,,,,25.738462,8.526219,5.266803,,,,-0.5805041057881155,Technology,Semiconductors,United States,19400,2019-Q1
MCHP,MICROCHIP TECHNOLOGY INC,2019-03-01 00:00:00-05:00,2019,1,3,36.864501953125,39.0552204666824,39.80175343696777,35.56251300465808,85782400,539679667,19895022138.18335,19.89502213818335,,,,,,,,,25.738462,8.526219,5.266803,,,,-7.611071595193842,Technology,Semiconductors,United States,19400,2019-Q1
MCHP,MICROCHIP TECHNOLOGY INC,2019-04-01 00:00:00-04:00,2019,2,4,44.38760757446289,37.388860717225064,44.560909606375695,37.37553031326792,118795000,539679667,23955089274.71281,23.95508927471281,,,,,,,,,25.738462,8.526219,5.266803,,,,21.481853849414414,Technology,Semiconductors,United States,19400,2019-Q2
MCHP,MICROCHIP TECHNOLOGY INC,2019-05-01 00:00:00-04:00,2019,2,5,35.56251907348633,44.73420947917207,45.03637771847793,34.509376528882754,147331600,539679667,19192368451.26025,19.19236845126025,,,,,,,,,25.738462,8.526219,5.266803,,,,-16.38381122592397,Technology,Semiconductors,United States,19400,2019-Q2
MCHP,MICROCHIP TECHNOLOGY INC,2019-06-01 00:00:00-04:00,2019,2,6,38.696529388427734,35.88020857456661,39.78110356989233,35.41156410651039,99360400,539679667,20883730094.402393,20.88373009440239,,,,,,,,,25.738462,8.526219,5.266803,,,,-2.9622817956304948,Technology,Semiconductors,United States,19400,2019-Q2
MCHP,MICROCHIP TECHNOLOGY INC,2019-07-01 00:00:00-04:00,2019,3,7,42.14217758178711,40.2854597788857,44.65946057743441,38.88845465114436,81364400,539679667,22743276363.993732,22.743276363993733,,,,,,,,,25.738462,8.526219,5.266803,,,,2.87310981822706,Technology,Semiconductors,United States,19400,2019-Q3
MCHP,MICROCHIP TECHNOLOGY INC,2019-08-01 00:00:00-04:00,2019,3,8,38.53139114379883,42.15556236249491,43.15087256492194,36.9915617332891,106015400,539679667,20794608341.5321,20.7946083415321,,,,,,,,,25.738462,8.526219,5.266803,,,,2.149423461198774,Technology,Semiconductors,United States,19400,2019-Q3
MCHP,MICROCHIP TECHNOLOGY INC,2019-09-01 00:00:00-04:00,2019,3,9,41.63747024536133,38.20465179751846,43.353876050181746,37.01257539058576,93293800,539679667,22470896076.73901,22.47089607673901,,,,,,,,,25.738462,8.526219,5.266803,,,,19.816007179950578,Technology,Semiconductors,United States,19400,2019-Q3
MCHP,MICROCHIP TECHNOLOGY INC,2019-10-01 00:00:00-04:00,2019,4,10,42.25590896606445,42.51583583355016,43.855798462815194,39.925535459624584,81284800,539679667,22804654879.58798,22.80465487958798,,,,,,,,,25.738462,8.526219,5.266803,,,,45.86675442006383,Technology,Semiconductors,United States,19400,2019-Q4
MCHP,MICROCHIP TECHNOLOGY INC,2019-11-01 00:00:00-04:00,2019,4,11,42.367942810058594,42.834017475647414,45.51842496947978,40.46331243985542,89380000,539679667,22865117267.207466,22.865117267207467,,,,,,,,,25.738462,8.526219,5.266803,,,,28.274033431973365,Technology,Semiconductors,United States,19400,2019-Q4
MCHP,MICROCHIP TECHNOLOGY INC,2019-12-01 00:00:00-05:00,2019,4,12,47.11674880981445,42.8109116586028,47.764650189936326,40.862710682269096,82269800,539679667,25427951307.80331,25.427951307803312,,,,,,,,,25.738462,8.526219,5.266803,,,,48.025786221673506,Technology,Semiconductors,United States,19400,2019-Q4
MCHP,MICROCHIP TECHNOLOGY INC,2020-01-01 00:00:00-05:00,2020,1,1,43.85924530029297,47.706150651462515,50.60370540202903,43.61178204698729,137771400,539679667,23669942898.533424,23.669942898533424,,,,,,,,,25.738462,8.526219,5.266803,,,,23.304485808673725,Technology,Semiconductors,United States,19400,2020-Q1
MCHP,MICROCHIP TECHNOLOGY INC,2020-02-01 00:00:00-05:00,2020,1,2,40.81321334838867,44.24618335053116,50.18977091296336,38.69404016521748,103259000,539679667,22026061389.058353,22.026061389058352,,,,,,,,,25.738462,8.526219,5.266803,,,,6.1555593127105235,Technology,Semiconductors,United States,19400,2020-Q1
MCHP,MICROCHIP TECHNOLOGY INC,2020-03-01 00:00:00-05:00,2020,1,3,30.60759162902832,41.35184690737012,43.77607764064413,23.994003961098006,282337800,539679667,16518294858.025991,16.518294858025993,,,,,,,,,25.738462,8.526219,5.266803,,,,-16.97272441671026,Technology,Semiconductors,United States,19400,2020-Q1
MCHP,MICROCHIP TECHNOLOGY INC,2020-04-01 00:00:00-04:00,2020,2,4,39.604766845703125,29.38869443254644,41.85744773471542,27.817686052064822,141025400,539679667,21373887382.901703,21.373887382901703,,,,,,,,,25.738462,8.526219,5.266803,,,,-10.775171247371828,Technology,Semiconductors,United States,19400,2020-Q2
MCHP,MICROCHIP TECHNOLOGY INC,2020-05-01 00:00:00-04:00,2020,2,5,43.34720230102539,38.58451950748152,44.80083747289712,36.16931981704651,135646600,539679667,23393603703.199017,23.393603703199016,,,,,,,,,25.738462,8.526219,5.266803,,,,21.890134417791973,Technology,Semiconductors,United States,19400,2020-Q2
MCHP,MICROCHIP TECHNOLOGY INC,2020-06-01 00:00:00-04:00,2020,2,6,47.74040222167969,43.057484269274596,51.35345960278866,42.63588527901089,139604800,539679667,25764524373.442154,25.764524373442153,,,,,,,,,25.738462,8.526219,5.266803,,,,23.37127638107137,Technology,Semiconductors,United States,19400,2020-Q2
MCHP,MICROCHIP TECHNOLOGY INC,2020-07-01 00:00:00-04:00,2020,3,7,46.11747360229492,47.65879989340819,49.92092944233654,45.02947592842436,106239400,539679667,24888662796.567814,24.888662796567814,,,,,,,,,25.738462,8.526219,5.266803,,,,9.43305792111191,Technology,Semiconductors,United States,19400,2020-Q3
MCHP,MICROCHIP TECHNOLOGY INC,2020-08-01 00:00:00-04:00,2020,3,8,49.730533599853516,46.471077915910115,50.31533246638167,44.204417251219446,111094600,539679667,26838557812.901257,26.838557812901257,,,,,,,,,25.738462,8.526219,5.266803,,,,29.06498344235635,Technology,Semiconductors,United States,19400,2020-Q3
MCHP,MICROCHIP TECHNOLOGY INC,2020-09-01 00:00:00-04:00,2020,3,9,46.743507385253906,50.00044900140822,52.36127921166592,43.454720811833994,85527400,539679667,25226520500.08587,25.22652050008587,,,,,,,,,25.738462,8.526219,5.266803,,,,12.263082050383268,Technology,Semiconductors,United States,19400,2020-Q3
MCHP,MICROCHIP TECHNOLOGY INC,2020-10-01 00:00:00-04:00,2020,4,10,47.798824310302734,48.25370462508568,53.02084838055258,46.55699952394228,66520800,539679667,25796053586.775684,25.796053586775685,,,,,,,,,25.738462,8.526219,5.266803,,,,13.117491683091643,Technology,Semiconductors,United States,19400,2020-Q4
MCHP,MICROCHIP TECHNOLOGY INC,2020-11-01 00:00:00-04:00,2020,4,11,61.13136672973633,48.61306168599072,61.54075624674193,47.3030041260961,78090400,539679667,32991355639.95898,32.99135563995898,,,,,,,,,25.738462,8.526219,5.266803,,,,44.28684206782658,Technology,Semiconductors,United States,19400,2020-Q4
MCHP,MICROCHIP TECHNOLOGY INC,2020-12-01 00:00:00-05:00,2020,4,12,63.0097541809082,62.49878019853235,66.30828615909941,61.07534173670216,79322000,539679667,34005083154.104397,34.0050831541044,,,,,,,,,25.738462,8.526219,5.266803,,,,33.73111637062536,Technology,Semiconductors,United States,19400,2020-Q4
MCHP,MICROCHIP TECHNOLOGY INC,2021-01-01 00:00:00-05:00,2021,1,1,62.09729766845703,63.39298569417518,70.87970142099134,60.468557631013205,78124400,539679667,33512648927.312767,33.51264892731277,,,,,,,,,25.738462,8.526219,5.266803,,,,41.58314226178042,Technology,Semiconductors,United States,19400,2021-Q1
MCHP,MICROCHIP TECHNOLOGY INC,2021-02-01 00:00:00-05:00,2021,1,2,69.63419342041016,63.735152310278494,76.03964173876979,62.78619571468856,95518000,539679667,37580158316.940544,37.58015831694055,,,,,,,,,25.738462,8.526219,5.266803,,,,70.61678732816404,Technology,Semiconductors,United States,19400,2021-Q1
MCHP,MICROCHIP TECHNOLOGY INC,2021-03-01 00:00:00-05:00,2021,1,3,70.99268341064453,70.88749069229269,72.4288190943569,61.98253242792,103804800,539679667,38313307742.493065,38.313307742493066,,,,,,,,,25.738462,8.526219,5.266803,,,,131.94468964135973,Technology,Semiconductors,United States,19400,2021-Q1
MCHP,MICROCHIP TECHNOLOGY INC,2021-04-01 00:00:00-04:00,2021,2,4,68.73784637451172,72.03547333569897,75.227900612616,67.6447369313031,66725400,539679667,37096418041.69364,37.09641804169364,,,,,,,,,25.738462,8.526219,5.266803,,,,73.55952792831391,Technology,Semiconductors,United States,19400,2021-Q2
MCHP,MICROCHIP TECHNOLOGY INC,2021-05-01 00:00:00-04:00,2021,2,5,71.783935546875,69.72577870557565,72.10409188196685,63.36378555009354,75799800,539679667,38740330431.88696,38.74033043188696,,,,,,,,,25.738462,8.526219,5.266803,,,,65.60223436883015,Technology,Semiconductors,United States,19400,2021-Q2
MCHP,MICROCHIP TECHNOLOGY INC,2021-06-01 00:00:00-04:00,2021,2,6,68.67929077148438,72.46779446919358,73.23833474728387,66.07870683510569,70930400,539679667,37064816773.35086,37.06481677335086,,,,,,,,,25.738462,8.526219,5.266803,,,,43.85989136114987,Technology,Semiconductors,United States,19400,2021-Q2
MCHP,MICROCHIP TECHNOLOGY INC,2021-07-01 00:00:00-04:00,2021,3,7,65.6429672241211,68.72973291490932,69.20214891838185,59.19425292564531,81026000,539679667,35426174692.40559,35.42617469240559,,,,,,,,,25.738462,8.526219,5.266803,,,,42.338602045309216,Technology,Semiconductors,United States,19400,2021-Q3
MCHP,MICROCHIP TECHNOLOGY INC,2021-08-01 00:00:00-04:00,2021,3,8,72.17424011230469,67.5234600675125,73.55021062258105,64.66143888666042,90449200,539679667,38950969869.78664,38.95096986978664,,,,,,,,,25.738462,8.526219,5.266803,,,,45.13063682975902,Technology,Semiconductors,United States,19400,2021-Q3
MCHP,MICROCHIP TECHNOLOGY INC,2021-09-01 00:00:00-04:00,2021,3,9,70.61402893066406,72.98791359646518,76.42913903973212,70.35179352612585,79606200,539679667,38108955618.82915,38.10895561882915,,,,,,,,,25.738462,8.526219,5.266803,,,,51.06703129628769,Technology,Semiconductors,United States,19400,2021-Q3
MCHP,MICROCHIP TECHNOLOGY INC,2021-10-01 00:00:00-04:00,2021,4,10,68.17113494873047,71.12470238959506,71.16610576925818,64.27906282256212,72448700,539679667,36790575408.14292,36.79057540814292,,,,,,,,,25.738462,8.526219,5.266803,,,,42.62094503867664,Technology,Semiconductors,United States,19400,2021-Q4
MCHP,MICROCHIP TECHNOLOGY INC,2021-11-01 00:00:00-04:00,2021,4,11,76.76499938964844,68.64040292923758,80.52825679386015,68.5299939029405,91772200,539679667,41428509307.86067,41.42850930786067,,,,,,,,,25.738462,8.526219,5.266803,,,,25.573831399891468,Technology,Semiconductors,United States,19400,2021-Q4
MCHP,MICROCHIP TECHNOLOGY INC,2021-12-01 00:00:00-05:00,2021,4,12,80.32991027832031,78.23539348779448,83.04263872949282,75.1166835897693,85900000,539679667,43352419229.14378,43.352419229143784,,,,,,,,,25.738462,8.526219,5.266803,,,,27.488055337724315,Technology,Semiconductors,United States,19400,2021-Q4
MCHP,MICROCHIP TECHNOLOGY INC,2022-01-01 00:00:00-05:00,2022,1,1,71.49048614501953,80.75434739721622,82.09226076423309,63.45379813105307,91381500,539679667,38581961756.412254,38.581961756412255,,,,,,,,,25.738462,8.526219,5.266803,,,,15.126565614358235,Technology,Semiconductors,United States,19400,2022-Q1
MCHP,MICROCHIP TECHNOLOGY INC,2022-02-01 00:00:00-05:00,2022,1,2,64.89320373535156,71.45357208674676,73.37277419086334,61.42386521239958,110375300,539679667,35021542582.45769,35.021542582457684,,,,,,,,,25.738462,8.526219,5.266803,,,,-6.8084219148418885,Technology,Semiconductors,United States,19400,2022-Q1
MCHP,MICROCHIP TECHNOLOGY INC,2022-03-01 00:00:00-05:00,2022,1,3,69.5787124633789,64.93951229157645,74.17161042612082,59.50396922878939,125170200,539679667,37550216372.52508,37.55021637252508,,,,,,,,,25.738462,8.526219,5.266803,,,,-1.9917136236233812,Technology,Semiconductors,United States,19400,2022-Q1
MCHP,MICROCHIP TECHNOLOGY INC,2022-04-01 00:00:00-04:00,2022,2,4,60.37438201904297,70.06947224949764,70.36578796614761,58.652048240650736,93554700,539679667,32582826383.367897,32.582826383367895,,,,,,,,,25.738462,8.526219,5.266803,,,,-12.167189978430804,Technology,Semiconductors,United States,19400,2022-Q2
MCHP,MICROCHIP TECHNOLOGY INC,2022-05-01 00:00:00-04:00,2022,2,5,67.27300262451172,60.781827370503215,67.87489599599103,58.818734587114314,119037700,539679667,36305871654.48661,36.30587165448661,,,,,,,,,25.738462,8.526219,5.266803,,,,-6.284042366857467,Technology,Semiconductors,United States,19400,2022-Q2
MCHP,MICROCHIP TECHNOLOGY INC,2022-06-01 00:00:00-04:00,2022,2,6,54.00672912597656,67.75947616516042,68.21510944798789,52.2957720547005,110240800,539679667,29146333590.466232,29.14633359046623,,,,,,,,,25.738462,8.526219,5.266803,,,,-21.363880553641156,Technology,Semiconductors,United States,19400,2022-Q2
MCHP,MICROCHIP TECHNOLOGY INC,2022-07-01 00:00:00-04:00,2022,3,7,64.03072357177734,53.18846071294756,64.44916141589069,50.51974002415941,78655300,539679667,34556079574.98585,34.556079574985844,,,,,,,,,25.738462,8.526219,5.266803,,,,-2.4560797912122956,Technology,Semiconductors,United States,19400,2022-Q3
MCHP,MICROCHIP TECHNOLOGY INC,2022-08-01 00:00:00-04:00,2022,3,8,60.67388153076172,63.32400367300961,69.54482230244086,59.08380824541298,107915900,539679667,32744460180.118935,32.744460180118935,,,,,,,,,25.738462,8.526219,5.266803,,,,-15.934159561151128,Technology,Semiconductors,United States,19400,2022-Q3
MCHP,MICROCHIP TECHNOLOGY INC,2022-09-01 00:00:00-04:00,2022,3,9,56.98912048339844,59.538363084479826,63.41359099028591,56.72766079983759,97020400,539679667,30755869565.103348,30.755869565103346,,,,,,,,,25.738462,8.526219,5.266803,,,,-19.294903085963167,Technology,Semiconductors,United States,19400,2022-Q3
MCHP,MICROCHIP TECHNOLOGY INC,2022-10-01 00:00:00-04:00,2022,4,10,57.65211486816406,58.09099312702617,63.86180747417814,51.14360660637421,111021700,539679667,31113674153.89653,31.11367415389653,,,,,,,,,25.738462,8.526219,5.266803,,,,-15.430313854210375,Technology,Semiconductors,United States,19400,2022-Q4
MCHP,MICROCHIP TECHNOLOGY INC,2022-11-01 00:00:00-04:00,2022,4,11,73.94672393798828,58.968753448049284,74.03076149510734,54.72935221015796,115301300,539679667,39907543350.594444,39.907543350594445,,,,,,,,,25.738462,8.526219,5.266803,,,,-3.671302643220231,Technology,Semiconductors,United States,19400,2022-Q4
MCHP,MICROCHIP TECHNOLOGY INC,2022-12-01 00:00:00-05:00,2022,4,12,65.89004516601562,74.80044273295013,75.50389517244496,63.48892979575752,87622100,539679667,35559517633.81027,35.55951763381027,,,,,,,,,25.738462,8.526219,5.266803,,,,-17.97570178066259,Technology,Semiconductors,United States,19400,2022-Q4
MCHP,MICROCHIP TECHNOLOGY INC,2023-01-01 00:00:00-05:00,2023,1,1,72.8026123046875,66.86547428758624,73.72178579718545,64.16422053778028,86499900,539679667,39290089565.32385,39.29008956532385,,,,,,,,,25.738462,8.526219,5.266803,,,,1.835385700142389,Technology,Semiconductors,United States,19400,2023-Q1
MCHP,MICROCHIP TECHNOLOGY INC,2023-02-01 00:00:00-05:00,2023,1,2,76.00099182128906,73.06525321532409,82.31330747960106,73.04649047842913,101754800,539679667,41016189957.783005,41.016189957783006,,,,,,,,,25.738462,8.526219,5.266803,,,,17.117028358219844,Technology,Semiconductors,United States,19400,2023-Q1
MCHP,MICROCHIP TECHNOLOGY INC,2023-03-01 00:00:00-05:00,2023,1,3,78.91409301757812,76.64406850255449,80.79793389051638,71.74607792114547,113335300,539679667,42588331441.33359,42.58833144133359,,,,,,,,,25.738462,8.526219,5.266803,,,,13.41700675923354,Technology,Semiconductors,United States,19400,2023-Q1
MCHP,MICROCHIP TECHNOLOGY INC,2023-04-01 00:00:00-04:00,2023,2,4,68.75078582763672,78.6974727199032,79.43216967278359,66.21702418068823,75906100,539679667,37103401201.4473,37.103401201447305,,,,,,,,,25.738462,8.526219,5.266803,,,,13.874102770860187,Technology,Semiconductors,United States,19400,2023-Q2
MCHP,MICROCHIP TECHNOLOGY INC,2023-05-01 00:00:00-04:00,2023,2,5,70.88892364501953,69.13695131570402,75.47607089740751,66.64086108855825,120954400,539679667,38257310706.73257,38.25731070673257,,,,,,,,,25.738462,8.526219,5.266803,,,,5.374995732969268,Technology,Semiconductors,United States,19400,2023-Q2
MCHP,MICROCHIP TECHNOLOGY INC,2023-06-01 00:00:00-04:00,2023,2,6,84.80143737792969,71.79583835967692,85.2368568682075,70.20563357680192,105592200,539679667,45765611485.24245,45.765611485242445,,,,,,,,,25.738462,8.526219,5.266803,,,,57.020132028586886,Technology,Semiconductors,United States,19400,2023-Q2
MCHP,MICROCHIP TECHNOLOGY INC,2023-07-01 00:00:00-04:00,2023,3,7,88.9189453125,85.86158439712732,89.25970402819497,81.31814689053806,99721800,539679667,47987746796.24121,47.98774679624121,,,,,,,,,25.738462,8.526219,5.266803,,,,38.869187090824276,Technology,Semiconductors,United States,19400,2023-Q3
MCHP,MICROCHIP TECHNOLOGY INC,2023-08-01 00:00:00-04:00,2023,3,8,77.4656753540039,87.66949395294415,88.70123034378506,73.09261746177826,112482900,539679667,41806649878.978935,41.80664987897894,,,,,,,,,25.738462,8.526219,5.266803,,,,27.675489682869102,Technology,Semiconductors,United States,19400,2023-Q3
MCHP,MICROCHIP TECHNOLOGY INC,2023-09-01 00:00:00-04:00,2023,3,9,74.26168060302734,78.81918140503954,78.85724079128646,71.58806497709514,78269200,539679667,40077519058.702156,40.07751905870216,,,,,,,,,25.738462,8.526219,5.266803,,,,30.308522000546745,Technology,Semiconductors,United States,19400,2023-Q3
MCHP,MICROCHIP TECHNOLOGY INC,2023-10-01 00:00:00-04:00,2023,4,10,67.82980346679688,74.48052832643914,77.70598756896149,65.85075852922994,98702900,539679667,36606365747.63638,36.60636574763638,,,,,,,,,25.738462,8.526219,5.266803,,,,17.653625754938275,Technology,Semiconductors,United States,19400,2023-Q4
MCHP,MICROCHIP TECHNOLOGY INC,2023-11-01 00:00:00-04:00,2023,4,11,79.39006042480469,67.08764580968656,80.99802766255056,65.41306920548234,112121400,539679667,42845201373.16847,42.84520137316847,,,,,,,,,25.738462,8.526219,5.266803,,,,7.361159760615199,Technology,Semiconductors,United States,19400,2023-Q4
MCHP,MICROCHIP TECHNOLOGY INC,2023-12-01 00:00:00-05:00,2023,4,12,86.2499008178711,79.48801602748071,90.03732072382361,79.22977870610846,91023100,539679667,46547317752.1717,46.5473177521717,,,,,,,,,25.738462,8.526219,5.266803,,,,30.899744567721974,Technology,Semiconductors,United States,19400,2023-Q4
MCHP,MICROCHIP TECHNOLOGY INC,2024-01-01 00:00:00-05:00,2024,1,1,81.46780395507812,85.25522386491939,88.66964079630739,78.15859374037188,116110500,539679667,43966517309.697845,43.96651730969784,,,,,,,,,25.738462,8.526219,5.266803,,,,11.902308689317053,Technology,Semiconductors,United States,19400,2024-Q1
MCHP,MICROCHIP TECHNOLOGY INC,2024-02-01 00:00:00-05:00,2024,1,2,80.47312927246094,81.72603637543261,82.66333061600834,76.45617063433885,120319800,539679667,43429711608.20967,43.42971160820967,,,,,,,,,25.738462,8.526219,5.266803,,,,5.884314591167161,Technology,Semiconductors,United States,19400,2024-Q1
MCHP,MICROCHIP TECHNOLOGY INC,2024-03-01 00:00:00-05:00,2024,1,3,86.26539611816406,81.44776348807328,90.5733803801266,81.32275775097797,116751300,539679667,46555680250.673874,46.55568025067387,,,,,,,,,25.738462,8.526219,5.266803,,,,9.315577002131214,Technology,Semiconductors,United States,19400,2024-Q1
MCHP,MICROCHIP TECHNOLOGY INC,2024-04-01 00:00:00-04:00,2024,2,4,88.44823455810547,86.29423886295436,90.99647627564754,77.79367307636262,109272200,539679667,47733713773.05625,47.73371377305625,1241300000.0,1241.3,736900000.0,129300000.0,221700000.0,410300000.0,9.613653784954534,,25.738462,8.526219,5.266803,,,,28.650507035442054,Technology,Semiconductors,United States,19400,2024-Q2
MCHP,MICROCHIP TECHNOLOGY INC,2024-05-01 00:00:00-04:00,2024,2,5,93.49665832519531,86.95775531182677,96.70840866592894,84.13064028303975,125418000,539679667,50458245430.554184,50.458245430554186,1241300000.0,1241.3,736900000.0,129300000.0,221700000.0,410300000.0,10.162379245660635,,25.738462,8.526219,5.266803,,0.0,,31.891773097565057,Technology,Semiconductors,United States,19400,2024-Q2
MCHP,MICROCHIP TECHNOLOGY INC,2024-06-01 00:00:00-04:00,2024,2,6,88.4009017944336,94.5744723792511,94.77735881032639,85.18368687812377,130267900,539679667,47708169242.919624,47.708169242919624,1241300000.0,1241.3,736900000.0,129300000.0,221700000.0,410300000.0,9.608509071723118,,25.738462,8.526219,5.266803,,0.0,,4.244579488036715,Technology,Semiconductors,United States,19400,2024-Q2
MCHP,MICROCHIP TECHNOLOGY INC,2024-07-01 00:00:00-04:00,2024,3,7,85.77303314208984,88.4009083173292,93.69530475814824,80.13083663018375,130297200,539679667,46289961963.70301,46.28996196370301,1163800000.0,1163.8,668500000.0,78400000.0,148100000.0,335900000.0,9.943710681324758,,25.738462,8.526219,5.266803,,-6.243454442922747,,-3.5379548861651955,Technology,Semiconductors,United States,19400,2024-Q3
MCHP,MICROCHIP TECHNOLOGY INC,2024-08-01 00:00:00-04:00,2024,3,8,79.37725830078125,84.53638987021486,86.55559838732621,69.33915905374027,157663400,539679667,42838292327.13861,42.83829232713861,1163800000.0,1163.8,668500000.0,78400000.0,148100000.0,335900000.0,9.202245301413175,,25.738462,8.526219,5.266803,,0.0,-6.243454442922747,2.467651560567652,Technology,Semiconductors,United States,19400,2024-Q3
MCHP,MICROCHIP TECHNOLOGY INC,2024-09-01 00:00:00-04:00,2024,3,9,77.99819946289062,77.97876619329632,79.3096635189177,71.0620045418738,132653300,539679667,42094042312.73239,42.09404231273239,1163800000.0,1163.8,668500000.0,78400000.0,148100000.0,335900000.0,9.042370319799877,,25.738462,8.526219,5.266803,,0.0,-6.243454442922747,5.03155709582872,Technology,Semiconductors,United States,19400,2024-Q3
MCHP,MICROCHIP TECHNOLOGY INC,2024-10-01 00:00:00-04:00,2024,4,10,71.27574157714844,77.70677665349129,78.03707560401915,70.59571781388397,113467100,539679667,38466068479.53352,38.466068479533526,1026000000.0,1026.0,561400000.0,-53600000.0,34400000.0,207600000.0,9.37282370359004,,25.738462,8.526219,5.266803,,-11.840522426533774,-17.344719245951822,5.080271406120729,Technology,Semiconductors,United States,19400,2024-Q4
MCHP,MICROCHIP TECHNOLOGY INC,2024-11-01 00:00:00-04:00,2024,4,11,66.22416687011719,71.48945765516925,74.99641510335141,60.8423023795814,151100000,539679667,35739836323.817276,35.73983632381728,1026000000.0,1026.0,561400000.0,-53600000.0,34400000.0,207600000.0,8.708537115939881,,25.738462,8.526219,5.266803,,0.0,-11.840522426533774,-16.583805937719042,Technology,Semiconductors,United States,19400,2024-Q4
MCHP,MICROCHIP TECHNOLOGY INC,2024-12-01 00:00:00-05:00,2024,4,12,56.09676742553711,66.50425804540696,69.48761142629401,54.06222221065219,195997700,539679667,30274284763.990314,30.274284763990316,1026000000.0,1026.0,561400000.0,-53600000.0,34400000.0,207600000.0,7.376775039958654,,25.738462,8.526219,5.266803,,0.0,-11.840522426533774,-34.96019485982552,Technology,Semiconductors,United States,19400,2024-Q4
MCHP,MICROCHIP TECHNOLOGY INC,2025-01-01 00:00:00-05:00,2025,1,1,53.1134147644043,56.761904921704726,58.55191684874152,52.800407826015956,163878200,539679667,28664229993.286594,28.664229993286593,970500000.0,970.5,501100000.0,-154600000.0,-28700000.0,86600000.0,7.38388201784817,,25.738462,8.526219,5.266803,,-5.409356725146197,-16.60938305550782,-34.80441083978233,Technology,Semiconductors,United States,19400,2025-Q1
MCHP,MICROCHIP TECHNOLOGY INC,2025-02-01 00:00:00-05:00,2025,1,2,57.57377243041992,51.841826489475295,63.912165150412775,49.112793595734814,217167000,539679667,31071394333.182804,31.071394333182806,970500000.0,970.5,501100000.0,-154600000.0,-28700000.0,86600000.0,8.003965567538074,,25.738462,8.526219,5.266803,,0.0,-5.409356725146197,-28.45590453492841,Technology,Semiconductors,United States,19400,2025-Q1
MCHP,MICROCHIP TECHNOLOGY INC,2025-03-01 00:00:00-05:00,2025,1,3,47.70756912231445,61.61283314949936,61.731090892848684,46.75164265193051,225806500,539679667,25746805017.310146,25.746805017310145,970500000.0,970.5,501100000.0,-154600000.0,-28700000.0,86600000.0,6.6323557489206975,,25.738462,8.526219,5.266803,,0.0,-5.409356725146197,-44.69674832656436,Technology,Semiconductors,United States,19400,2025-Q1
MCHP,MICROCHIP TECHNOLOGY INC,2025-04-01 00:00:00-04:00,2025,2,4,45.41138458251953,47.71742775524408,48.75219534425183,33.63477740275318,320896000,539679667,24507600909.503075,24.507600909503076,1075500000.0,1075.5,576700000.0,-18600000.0,54300000.0,211300000.0,5.69679240109323,,25.738462,8.526219,5.266803,,10.819165378670782,4.824561403508776,-48.65766986825856,Technology,Semiconductors,United States,19400,2025-Q2
MCHP,MICROCHIP TECHNOLOGY INC,2025-05-01 00:00:00-04:00,2025,2,5,57.19784164428711,46.34759442241124,62.20412898938551,44.93834339352567,212736900,539679667,30868512131.7076,30.8685121317076,1075500000.0,1075.5,576700000.0,-18600000.0,54300000.0,211300000.0,7.175386362554068,,25.738462,8.526219,5.266803,,0.0,10.819165378670782,-38.82365138083921,Technology,Semiconductors,United States,19400,2025-Q2
MCHP,MICROCHIP TECHNOLOGY INC,2025-06-01 00:00:00-04:00,2025,2,6,69.88561248779297,57.29289087804275,71.35542069955132,57.0346822488406,194058100,539679667,37715844075.50315,37.71584407550315,1075500000.0,1075.5,576700000.0,-18600000.0,54300000.0,211300000.0,8.767048832055591,,25.738462,8.526219,5.266803,,0.0,10.819165378670782,-20.94468374281504,Technology,Semiconductors,United States,19400,2025-Q2
MCHP,MICROCHIP TECHNOLOGY INC,2025-07-01 00:00:00-04:00,2025,3,7,67.12474060058594,68.98187118333068,76.66859077208977,66.27066738128168,178638400,539679667,36225857654.7856,36.2258576547856,,,,,,,,,25.738462,8.526219,5.266803,,0.0,10.819165378670782,-21.741440005521927,Technology,Semiconductors,United States,19400,2025-Q3
MCHP,MICROCHIP TECHNOLOGY INC,2025-08-01 00:00:00-04:00,2025,3,8,64.55257415771484,68.0781408540027,70.21333532233257,60.42120956315865,200174900,539679667,34837711725.42835,34.83771172542835,,,,,,,,,25.738462,8.526219,5.266803,,0.0,0.0,-18.676236066118324,Technology,Semiconductors,United States,19400,2025-Q3
MCHP,MICROCHIP TECHNOLOGY INC,2025-09-01 00:00:00-04:00,2025,3,9,64.22000122070312,63.27000045776367,67.87000274658203,61.099998474121094,146796600,539679667,34658228873.528656,34.65822887352866,,,,,,,,,25.738462,8.526219,5.266803,,0.0,0.0,-17.66476449080441,Technology,Semiconductors,United States,19400,2025-Q3
MCHP,MICROCHIP TECHNOLOGY INC,2025-10-01 00:00:00-04:00,2025,4,10,66.91999816894531,63.97999954223633,69.0,63.33000183105469,45715910,539679667,36115362327.457016,36.115362327457014,,,,,,,,,25.738462,8.526219,5.266803,,0.0,0.0,-6.111116225270685,Technology,Semiconductors,United States,19400,2025-Q4
