ticker,company_name,date,year,quarter,month,close_price,open_price,high_price,low_price,volume,shares_outstanding,market_cap,market_cap_billions,revenue,revenue_millions,gross_profit,net_income,operating_income,ebitda,ps_ratio,current_pe,forward_pe,current_ps,current_pb,peg_ratio,revenue_qoq_pct,revenue_yoy_pct,market_cap_yoy_pct,sector,industry,country,employees,year_quarter
META,META PLATFORMS INC,2015-01-01 00:00:00-05:00,2015,1,1,75.44490814208984,78.09854741066724,78.76444054560169,73.08942624396904,546210700,2168962480,163637175067.23938,163.63717506723938,,,,,,,,26.810455,29.18419,10.373732,9.5232935,,,,,Communication Services,Internet Content & Information,United States,75945,2015-Q1
META,META PLATFORMS INC,2015-02-01 00:00:00-05:00,2015,1,2,78.48615264892578,75.64367523965325,80.87144938447153,72.99996939890565,475148700,2168962480,170233520295.07263,170.23352029507262,,,,,,,,26.810455,29.18419,10.373732,9.5232935,,,,,Communication Services,Internet Content & Information,United States,75945,2015-Q1
META,META PLATFORMS INC,2015-03-01 00:00:00-05:00,2015,1,3,81.71623992919922,78.51596763028523,85.5426494933858,76.7866307195448,575349900,2168962480,177239458413.11096,177.23945841311095,,,,,,,,26.810455,29.18419,10.373732,9.5232935,,,,,Communication Services,Internet Content & Information,United States,75945,2015-Q1
META,META PLATFORMS INC,2015-04-01 00:00:00-04:00,2015,2,4,78.28736877441406,81.99451820666894,85.06558197619275,77.84012898089176,542124600,2168962480,169802365529.6277,169.80236552962768,,,,,,,,26.810455,29.18419,10.373732,9.5232935,,,,,Communication Services,Internet Content & Information,United States,75945,2015-Q2
META,META PLATFORMS INC,2015-05-01 00:00:00-04:00,2015,2,5,78.7048110961914,78.75450020026345,81.34850952802748,76.31951420388945,421870700,2168962480,170707782263.12683,170.70778226312683,,,,,,,,26.810455,29.18419,10.373732,9.5232935,,,,,Communication Services,Internet Content & Information,United States,75945,2015-Q2
META,META PLATFORMS INC,2015-06-01 00:00:00-04:00,2015,2,6,85.24449157714844,78.81413905546515,88.8522557460763,78.17806088459493,537740300,2168962480,184892103857.511,184.892103857511,,,,,,,,26.810455,29.18419,10.373732,9.5232935,,,,,Communication Services,Internet Content & Information,United States,75945,2015-Q2
META,META PLATFORMS INC,2015-07-01 00:00:00-04:00,2015,3,7,93.43400573730469,86.2383595356788,98.63195744147383,84.70780174116418,790781000,2168962480,202654852800.3186,202.6548528003186,,,,,,,,26.810455,29.18419,10.373732,9.5232935,,,,,Communication Services,Internet Content & Information,United States,75945,2015-Q3
META,META PLATFORMS INC,2015-08-01 00:00:00-04:00,2015,3,8,88.88207244873047,92.95695067944679,98.13502866785889,71.55886385408209,709884600,2168962480,192781880285.9381,192.78188028593812,,,,,,,,26.810455,29.18419,10.373732,9.5232935,,,,,Communication Services,Internet Content & Information,United States,75945,2015-Q3
META,META PLATFORMS INC,2015-09-01 00:00:00-04:00,2015,3,9,89.34918212890625,86.31786651667257,95.89880140620423,85.19479278266665,635399800,2168962480,193795023656.28418,193.79502365628417,,,,,,,,26.810455,29.18419,10.373732,9.5232935,,,,,Communication Services,Internet Content & Information,United States,75945,2015-Q3
META,META PLATFORMS INC,2015-10-01 00:00:00-04:00,2015,4,10,101.3452377319336,89.49827260754066,104.47593940570523,87.81862469990593,571590400,2168962480,219814018167.24426,219.81401816724426,,,,,,,,26.810455,29.18419,10.373732,9.5232935,,,,,Communication Services,Internet Content & Information,United States,75945,2015-Q4
META,META PLATFORMS INC,2015-11-01 00:00:00-04:00,2015,4,11,103.60132598876953,101.09676920577607,109.9720559637959,99.85442787672879,547232800,2168962480,224707388947.89,224.70738894789002,,,,,,,,26.810455,29.18419,10.373732,9.5232935,,,,,Communication Services,Internet Content & Information,United States,75945,2015-Q4
META,META PLATFORMS INC,2015-12-01 00:00:00-05:00,2015,4,12,104.01876068115234,104.18771728571014,107.25878147766608,100.83836226062091,440304100,2168962480,225612789133.51868,225.61278913351867,,,,,,,,26.810455,29.18419,10.373732,9.5232935,,,,,Communication Services,Internet Content & Information,United States,75945,2015-Q4
META,META PLATFORMS INC,2016-01-01 00:00:00-05:00,2016,1,1,111.52249908447266,101.32535900622463,112.1486364045936,88.82244123344076,792709100,2168962480,241888116190.05554,241.88811619005554,,,,,,,,26.810455,29.18419,10.373732,9.5232935,,,,47.8197824489835,Communication Services,Internet Content & Information,United States,75945,2016-Q1
META,META PLATFORMS INC,2016-02-01 00:00:00-05:00,2016,1,2,106.26490020751953,111.58211928438989,116.86952338424076,96.22678434211626,874152500,2168962480,230484581491.05408,230.4845814910541,,,,,,,,26.810455,29.18419,10.373732,9.5232935,,,,35.393182900492135,Communication Services,Internet Content & Information,United States,75945,2016-Q1
META,META PLATFORMS INC,2016-03-01 00:00:00-05:00,2016,1,3,113.40091705322266,107.16933617019903,116.27320965140107,103.76035119823176,521458900,2168962480,245962334286.0321,245.9623342860321,,,,,,,,26.810455,29.18419,10.373732,9.5232935,,,,38.77402723311272,Communication Services,Internet Content & Information,United States,75945,2016-Q1
META,META PLATFORMS INC,2016-04-01 00:00:00-04:00,2016,2,4,116.85960388183594,113.05306799245184,120.04993570383678,105.65864951445353,741613800,2168962480,253464096247.3645,253.4640962473645,,,,,,,,26.810455,29.18419,10.373732,9.5232935,,,,49.27006196691603,Communication Services,Internet Content & Information,United States,75945,2016-Q2
META,META PLATFORMS INC,2016-05-01 00:00:00-04:00,2016,2,5,118.08206939697266,117.10807793256804,120.33816574862827,115.17002069334156,460544200,2168962480,256115578082.78992,256.1155780827899,,,,,,,,26.810455,29.18419,10.373732,9.5232935,,,,50.03157717087354,Communication Services,Internet Content & Information,United States,75945,2016-Q2
META,META PLATFORMS INC,2016-06-01 00:00:00-04:00,2016,2,6,113.5798110961914,117.77395658615434,118.70819968088058,107.56688368505347,450876100,2168962480,246350348753.12683,246.35034875312684,,,,,,,,26.810455,29.18419,10.373732,9.5232935,,,,33.24005926341738,Communication Services,Internet Content & Information,United States,75945,2016-Q2
META,META PLATFORMS INC,2016-07-01 00:00:00-04:00,2016,3,7,123.1806411743164,113.50031119161757,127.54374371522044,112.27785145807383,470108600,2168962480,267174188969.43542,267.1741889694354,,,,,,,,26.810455,29.18419,10.373732,9.5232935,,,,31.837054616545245,Communication Services,Internet Content & Information,United States,75945,2016-Q3
META,META PLATFORMS INC,2016-08-01 00:00:00-04:00,2016,3,8,125.34728240966797,123.09118614884684,125.95354562811592,121.32209318327097,365670900,2168962480,271873552516.5338,271.87355251653383,,,,,,,,26.810455,29.18419,10.373732,9.5232935,,,,41.02650732179045,Communication Services,Internet Content & Information,United States,75945,2016-Q3
META,META PLATFORMS INC,2016-09-01 00:00:00-04:00,2016,3,9,127.4841079711914,125.60568081865007,131.1713687139816,124.83046100665051,376518100,2168962480,276508246985.7831,276.5082469857831,,,,,,,,26.810455,29.18419,10.373732,9.5232935,,,,42.6807777459753,Communication Services,Internet Content & Information,United States,75945,2016-Q3
META,META PLATFORMS INC,2016-10-01 00:00:00-04:00,2016,4,10,130.18743896484375,127.59342964421599,132.68205491230128,125.9734116863984,313284400,2168962480,282371670482.03613,282.3716704820361,,,,,,,,26.810455,29.18419,10.373732,9.5232935,,,,28.459355247851036,Communication Services,Internet Content & Information,United States,75945,2016-Q4
META,META PLATFORMS INC,2016-11-01 00:00:00-04:00,2016,4,11,117.69445037841797,130.60486737360674,131.1316189020233,112.85429324680544,644052900,2168962480,255274846975.01038,255.27484697501038,,,,,,,,26.810455,29.18419,10.373732,9.5232935,,,,13.603227811173134,Communication Services,Internet Content & Information,United States,75945,2016-Q4
META,META PLATFORMS INC,2016-12-01 00:00:00-05:00,2016,4,12,114.34510040283203,117.65469198240271,121.7494517844162,113.30153064019139,408728400,2168962480,248010232545.57556,248.01023254557555,,,,,,,,26.810455,29.18419,10.373732,9.5232935,,,,9.92738199730423,Communication Services,Internet Content & Information,United States,75945,2016-Q4
META,META PLATFORMS INC,2017-01-01 00:00:00-05:00,2017,1,1,129.5215606689453,115.31910437145491,132.32427516296622,114.80229365193881,378958900,2168962480,280927405441.9861,280.9274054419861,,,,,,,,26.810455,29.18419,10.373732,9.5232935,,,,16.139399432610713,Communication Services,Internet Content & Information,United States,75945,2017-Q1
META,META PLATFORMS INC,2017-02-01 00:00:00-05:00,2017,1,2,134.7095489501953,131.4397132295419,136.33950017493643,129.50166378020023,384700500,2168962480,292179957370.697,292.179957370697,,,,,,,,26.810455,29.18419,10.373732,9.5232935,,,,26.767680284955443,Communication Services,Internet Content & Information,United States,75945,2017-Q1
META,META PLATFORMS INC,2017-03-01 00:00:00-05:00,2017,1,3,141.17967224121094,135.63385870591225,142.07415193564964,135.24624881628222,342098600,2168962480,306213412029.88403,306.213412029884,,,,,,,,26.810455,29.18419,10.373732,9.5232935,,,,24.496058682621435,Communication Services,Internet Content & Information,United States,75945,2017-Q1
META,META PLATFORMS INC,2017-04-01 00:00:00-04:00,2017,2,4,149.32940673828125,141.06037673639278,150.60156286698756,137.95949806833326,275586300,2168962480,323889880375.9912,323.8898803759912,,,,,,,,26.810455,29.18419,10.373732,9.5232935,,,,27.78530970315247,Communication Services,Internet Content & Information,United States,75945,2017-Q2
META,META PLATFORMS INC,2017-05-01 00:00:00-04:00,2017,2,5,150.53201293945312,150.81029616934742,152.65890057667312,143.5351384484855,403586900,2168962480,326498288104.54834,326.49828810454835,,,,,,,,26.810455,29.18419,10.373732,9.5232935,,,,27.480839138573245,Communication Services,Internet Content & Information,United States,75945,2017-Q2
META,META PLATFORMS INC,2017-06-01 00:00:00-04:00,2017,2,6,150.05496215820312,150.82024872089644,155.54114612731658,143.67429843083553,414757100,2168962480,325463582858.9624,325.4635828589624,,,,,,,,26.810455,29.18419,10.373732,9.5232935,,,,32.11411492058276,Communication Services,Internet Content & Information,United States,75945,2017-Q2
META,META PLATFORMS INC,2017-07-01 00:00:00-04:00,2017,3,7,168.21302795410156,150.79043312575752,174.41480177067677,146.8944522597438,419907600,2168962480,364847746279.63745,364.8477462796375,,,,,,,,26.810455,29.18419,10.373732,9.5232935,,,,36.55800647770502,Communication Services,Internet Content & Information,United States,75945,2017-Q3
META,META PLATFORMS INC,2017-08-01 00:00:00-04:00,2017,3,8,170.91636657714844,168.77954537378895,171.9897513974674,163.98906951821553,303622800,2168962480,370711186323.761,370.711186323761,,,,,,,,26.810455,29.18419,10.373732,9.5232935,,,,36.35426575787155,Communication Services,Internet Content & Information,United States,75945,2017-Q3
META,META PLATFORMS INC,2017-09-01 00:00:00-04:00,2017,3,9,169.82308959960938,171.3437142101832,172.9339172162224,160.57013358190198,304818300,2168962480,368339909579.23096,368.33990957923095,,,,,,,,26.810455,29.18419,10.373732,9.5232935,,,,33.21118396811127,Communication Services,Internet Content & Information,United States,75945,2017-Q3
META,META PLATFORMS INC,2017-10-01 00:00:00-04:00,2017,4,10,178.956787109375,170.33990919314752,179.69225865938895,167.25889653166462,318146600,2168962480,388150556781.58203,388.15055678158205,,,,,,,,26.810455,29.18419,10.373732,9.5232935,,,,37.460870674090984,Communication Services,Internet Content & Information,United States,75945,2017-Q4
META,META PLATFORMS INC,2017-11-01 00:00:00-04:00,2017,4,11,176.09442138671875,181.24269172041235,183.12111119608312,172.93391233714226,350998700,2168962480,381942192925.10254,381.9421929251025,,,,,,,,26.810455,29.18419,10.373732,9.5232935,,,,49.61998702617654,Communication Services,Internet Content & Information,United States,75945,2017-Q4
META,META PLATFORMS INC,2017-12-01 00:00:00-05:00,2017,4,12,175.37884521484375,174.95147191704916,181.16317848447633,167.97447885423117,317095800,2168962480,380390135056.72363,380.39013505672364,,,,,,,,26.810455,29.18419,10.373732,9.5232935,,,,53.37679060754934,Communication Services,Internet Content & Information,United States,75945,2017-Q4
META,META PLATFORMS INC,2018-01-01 00:00:00-05:00,2018,1,1,185.74493408203125,176.59135660036168,189.49183973436237,174.72288557500153,495655700,2168962480,402873792873.999,402.87379287399904,,,,,,,,26.810455,29.18419,10.373732,9.5232935,,,,43.40850521157,Communication Services,Internet Content & Information,United States,75945,2018-Q1
META,META PLATFORMS INC,2018-02-01 00:00:00-05:00,2018,1,2,177.22744750976562,187.06678452507927,194.12328916475204,166.15568730186982,516251600,2168962480,384399684074.8511,384.39968407485105,,,,,,,,26.810455,29.18419,10.373732,9.5232935,,,,31.562646368365456,Communication Services,Internet Content & Information,United States,75945,2018-Q1
META,META PLATFORMS INC,2018-03-01 00:00:00-05:00,2018,1,3,158.8109588623047,177.91319899901183,184.95977004427937,148.10695764781715,996201700,2168962480,344455011185.16235,344.45501118516233,,,,,,,,26.810455,29.18419,10.373732,9.5232935,,,,12.488544803369429,Communication Services,Internet Content & Information,United States,75945,2018-Q1
META,META PLATFORMS INC,2018-04-01 00:00:00-04:00,2018,2,4,170.9461669921875,156.84310578888412,176.01492568423842,149.58782938929534,750072700,2168962480,370775822305.86914,370.77582230586916,,,,,,,,26.810455,29.18419,10.373732,9.5232935,,,,14.47588973000633,Communication Services,Internet Content & Information,United States,75945,2018-Q2
META,META PLATFORMS INC,2018-05-01 00:00:00-04:00,2018,2,5,190.60499572753906,170.94618559709699,191.5392389357388,169.18702583623792,401144100,2168962480,413415084233.5925,413.41508423359255,,,,,,,,26.810455,29.18419,10.373732,9.5232935,,,,26.620904089154827,Communication Services,Internet Content & Information,United States,75945,2018-Q2
META,META PLATFORMS INC,2018-06-01 00:00:00-04:00,2018,2,6,193.12940979003906,191.887068532637,202.30285338841233,185.2877372146306,387265600,2168962480,418890443619.1394,418.89044361913943,,,,,,,,26.810455,29.18419,10.373732,9.5232935,,,,28.70578021033552,Communication Services,Internet Content & Information,United States,75945,2018-Q2
META,META PLATFORMS INC,2018-07-01 00:00:00-04:00,2018,3,7,171.52261352539062,192.18522765088863,217.2805222711532,165.53949349241404,647030700,2168962480,372026113208.1128,372.0261132081128,,,,,,,,26.810455,29.18419,10.373732,9.5232935,,,,1.967496579511141,Communication Services,Internet Content & Information,United States,75945,2018-Q3
META,META PLATFORMS INC,2018-08-01 00:00:00-04:00,2018,3,8,174.65330505371094,172.86433054884785,187.14629644448073,169.22676674847514,548832700,2168962480,378816465669.4934,378.8164656694934,,,,,,,,26.810455,29.18419,10.373732,9.5232935,,,,2.186413478943061,Communication Services,Internet Content & Information,United States,75945,2018-Q3
META,META PLATFORMS INC,2018-09-01 00:00:00-04:00,2018,3,9,163.45236206054688,172.43696740718707,172.82457727486218,157.8966004034722,500468800,2168962480,354522040576.70166,354.52204057670167,,,,,,,,26.810455,29.18419,10.373732,9.5232935,,,,-3.7513906701866717,Communication Services,Internet Content & Information,United States,75945,2018-Q3
META,META PLATFORMS INC,2018-10-01 00:00:00-04:00,2018,4,10,150.8599853515625,162.03112402375274,164.86366831550816,138.1781705447155,622446300,2168962480,327209647960.8887,327.2096479608887,,,,,,,,26.810455,29.18419,10.373732,9.5232935,,,,-15.700327554852823,Communication Services,Internet Content & Information,United States,75945,2018-Q4
META,META PLATFORMS INC,2018-11-01 00:00:00-04:00,2018,4,11,139.74847412109375,150.5916314912466,153.18564046051264,126.07278040020465,518151700,2168962480,303109197005.9033,303.1091970059033,,,,,,,,26.810455,29.18419,10.373732,9.5232935,,,,-20.640033329509134,Communication Services,Internet Content & Information,United States,75945,2018-Q4
META,META PLATFORMS INC,2018-12-01 00:00:00-05:00,2018,4,12,130.2868194580078,142.12385157501112,146.2881822399157,122.2662639416611,558786200,2168962480,282587223042.9529,282.58722304295287,,,,,,,,26.810455,29.18419,10.373732,9.5232935,,,,-25.711211464300042,Communication Services,Internet Content & Information,United States,75945,2018-Q4
META,META PLATFORMS INC,2019-01-01 00:00:00-05:00,2019,1,1,165.66868591308594,128.19967840294396,170.62810227123632,127.77230514474569,527547900,2168962480,359329163856.38794,359.32916385638794,,,,,,,,26.810455,29.18419,10.373732,9.5232935,,,,-10.80850375175183,Communication Services,Internet Content & Information,United States,75945,2019-Q1
META,META PLATFORMS INC,2019-02-01 00:00:00-05:00,2019,1,2,160.4608154296875,164.82391790794054,171.413301679437,158.61221078256318,302243200,2168962480,348033488177.19727,348.0334881771973,,,,,,,,26.810455,29.18419,10.373732,9.5232935,,,,-9.460516593601698,Communication Services,Internet Content & Information,United States,75945,2019-Q1
META,META PLATFORMS INC,2019-03-01 00:00:00-05:00,2019,1,3,165.66868591308594,161.60374915165147,173.23205973544754,158.30408364940587,387936100,2168962480,359329163856.38794,359.32916385638794,,,,,,,,26.810455,29.18419,10.373732,9.5232935,,,,4.3181699171825905,Communication Services,Internet Content & Information,United States,75945,2019-Q1
META,META PLATFORMS INC,2019-04-01 00:00:00-04:00,2019,2,4,192.2150421142578,166.80171607067746,197.26391903624634,166.25508285923496,381985300,2168962480,416907214437.44507,416.9072144374451,,,,,,,,26.810455,29.18419,10.373732,9.5232935,,,,12.441855524635614,Communication Services,Internet Content & Information,United States,75945,2019-Q2
META,META PLATFORMS INC,2019-05-01 00:00:00-04:00,2019,2,5,176.38265991210938,193.58660081173173,194.9780170827867,176.0745616781829,286821500,2168962480,382567371471.96533,382.5673714719653,,,,,,,,26.810455,29.18419,10.373732,9.5232935,,,,-7.461680509024982,Communication Services,Internet Content & Information,United States,75945,2019-Q2
META,META PLATFORMS INC,2019-06-01 00:00:00-04:00,2019,2,6,191.81752014160156,173.9278032372035,197.6614991832679,159.8545556327381,426428600,2168962480,416045004193.7781,416.0450041937781,,,,,,,,26.810455,29.18419,10.373732,9.5232935,,,,-0.6792801002518112,Communication Services,Internet Content & Information,United States,75945,2019-Q2
META,META PLATFORMS INC,2019-07-01 00:00:00-04:00,2019,3,7,193.0399627685547,194.01396929934273,207.38155910132159,190.75405166704948,351020900,2168962480,418696436385.59204,418.69643638559205,,,,,,,,26.810455,29.18419,10.373732,9.5232935,,,,12.544905188247292,Communication Services,Internet Content & Information,United States,75945,2019-Q3
META,META PLATFORMS INC,2019-08-01 00:00:00-04:00,2019,3,8,184.53240966796875,192.98033069800235,197.2539878991969,175.57761883564092,294689500,2168962480,400243872913.8135,400.2438729138135,,,,,,,,26.810455,29.18419,10.373732,9.5232935,,,,5.656408626919318,Communication Services,Internet Content & Information,United States,75945,2019-Q3
META,META PLATFORMS INC,2019-09-01 00:00:00-04:00,2019,3,9,176.98892211914062,182.87264900646932,191.91690021367006,174.58375105530456,264538500,2168962480,383882331452.0581,383.8823314520581,,,,,,,,26.810455,29.18419,10.373732,9.5232935,,,,8.281654598285627,Communication Services,Internet Content & Information,United States,75945,2019-Q3
META,META PLATFORMS INC,2019-10-01 00:00:00-04:00,2019,4,10,190.4757537841797,178.05234132329403,196.87629831047573,172.0294733887044,326207200,2168962480,413134763307.60376,413.13476330760375,,,,,,,,26.810455,29.18419,10.373732,9.5232935,,,,26.259957761693407,Communication Services,Internet Content & Information,United States,75945,2019-Q4
META,META PLATFORMS INC,2019-11-01 00:00:00-04:00,2019,4,11,200.40457153320312,191.6684336457835,202.55134107161547,187.38482784046352,258303900,2168962480,434669996475.99365,434.6699964759936,,,,,,,,26.810455,29.18419,10.373732,9.5232935,,,,43.403763650077586,Communication Services,Internet Content & Information,United States,75945,2019-Q4
META,META PLATFORMS INC,2019-12-01 00:00:00-05:00,2019,4,12,203.992431640625,200.89155275798456,207.64987697242674,191.98644407550907,276257100,2168962480,442451930432.48047,442.4519304324805,,,,,,,,26.810455,29.18419,10.373732,9.5232935,,,,56.571810171767154,Communication Services,Internet Content & Information,United States,75945,2019-Q4
META,META PLATFORMS INC,2020-01-01 00:00:00-05:00,2020,1,1,200.6729278564453,205.48327017888099,222.82635331085825,199.82812962755827,347314600,2168962480,435252051272.3767,435.2520512723767,,,,,,,,26.810455,29.18419,10.373732,9.5232935,,,,21.12906355865194,Communication Services,Internet Content & Information,United States,75945,2020-Q1
META,META PLATFORMS INC,2020-02-01 00:00:00-05:00,2020,1,2,191.29074096679688,202.1935291862903,217.42960437040253,180.70599939237212,317547300,2168962480,414902439928.38135,414.90243992838134,,,,,,,,26.810455,29.18419,10.373732,9.5232935,,,,19.21336711056336,Communication Services,Internet Content & Information,United States,75945,2020-Q1
META,META PLATFORMS INC,2020-03-01 00:00:00-05:00,2020,1,3,165.77804565429688,192.84120747861382,196.0315469859635,136.2600159184678,649467700,2168962480,359566361031.897,359.566361031897,,,,,,,,26.810455,29.18419,10.373732,9.5232935,,,,0.06601111164019624,Communication Services,Internet Content & Information,United States,75945,2020-Q1
META,META PLATFORMS INC,2020-04-01 00:00:00-04:00,2020,2,4,203.4557647705078,160.62976225062886,208.40524845997166,149.90587839590722,541334600,2168962480,441287920126.93726,441.28792012693725,,,,,,,,26.810455,29.18419,10.373732,9.5232935,,,,5.847993233312199,Communication Services,Internet Content & Information,United States,75945,2020-Q2
META,META PLATFORMS INC,2020-05-01 00:00:00-04:00,2020,2,5,223.7108917236328,200.36482238511348,239.4240229579154,197.54221126451557,509476500,2168962480,485220530515.9021,485.2205305159021,,,,,,,,26.810455,29.18419,10.373732,9.5232935,,,,26.832701034844852,Communication Services,Internet Content & Information,United States,75945,2020-Q2
META,META PLATFORMS INC,2020-06-01 00:00:00-04:00,2020,2,6,225.67877197265625,223.21395576699115,243.68774768189007,205.8410582347967,548043800,2168962480,489488788941.167,489.488788941167,,,,,,,,26.810455,29.18419,10.373732,9.5232935,,,,17.652846208238948,Communication Services,Internet Content & Information,United States,75945,2020-Q2
META,META PLATFORMS INC,2020-07-01 00:00:00-04:00,2020,3,7,252.1157684326172,227.0999862131333,254.28241951307862,225.50978330700931,517599700,2168962480,546829642346.7151,546.8296423467151,,,,,,,,26.810455,29.18419,10.373732,9.5232935,,,,30.60288906856632,Communication Services,Internet Content & Information,United States,75945,2020-Q3
META,META PLATFORMS INC,2020-08-01 00:00:00-04:00,2020,3,8,291.4035949707031,251.1020239616354,302.8033202465368,245.91400534589854,574239100,2168962480,632043464028.5718,632.0434640285717,,,,,,,,26.810455,29.18419,10.373732,9.5232935,,,,57.914588280199084,Communication Services,Internet Content & Information,United States,75945,2020-Q3
META,META PLATFORMS INC,2020-09-01 00:00:00-04:00,2020,3,9,260.2953186035156,292.9042875493884,301.7398326018239,242.63420726449476,499115300,2168962480,564570779770.6714,564.5707797706714,,,,,,,,26.810455,29.18419,10.373732,9.5232935,,,,47.06870660995215,Communication Services,Internet Content & Information,United States,75945,2020-Q3
META,META PLATFORMS INC,2020-10-01 00:00:00-04:00,2020,4,10,261.4979248046875,263.72422107152244,283.4923403531535,253.25873902110632,454101600,2168962480,567179187499.2285,567.1791874992285,,,,,,,,26.810455,29.18419,10.373732,9.5232935,,,,37.28672527054553,Communication Services,Internet Content & Information,United States,75945,2020-Q4
META,META PLATFORMS INC,2020-11-01 00:00:00-04:00,2020,4,11,275.27301025390625,262.9788059078516,295.55796213533813,255.76327811116485,356771600,2168962480,597056830997.3779,597.0568309973779,,,,,,,,26.810455,29.18419,10.373732,9.5232935,,,,37.358648132584584,Communication Services,Internet Content & Information,United States,75945,2020-Q4
META,META PLATFORMS INC,2020-12-01 00:00:00-05:00,2020,4,12,271.48638916015625,277.44962796936295,289.99230207849826,263.0086525329581,363901000,2168962480,588843791919.0576,588.8437919190576,,,,,,,,26.810455,29.18419,10.373732,9.5232935,,,,33.086500796478504,Communication Services,Internet Content & Information,United States,75945,2020-Q4
META,META PLATFORMS INC,2021-01-01 00:00:00-05:00,2021,1,1,256.7472229003906,273.0964474208329,285.0328729796528,243.11129800954032,452633100,2168962480,556875093315.144,556.875093315144,,,,,,,,26.810455,29.18419,10.373732,9.5232935,,,,27.943128972563237,Communication Services,Internet Content & Information,United States,75945,2021-Q1
META,META PLATFORMS INC,2021-02-01 00:00:00-05:00,2021,1,2,256.0415344238281,257.92988688820293,274.9052531895628,252.48346758337811,317775200,2168962480,555344481486.9116,555.3444814869116,,,,,,,,26.810455,29.18419,10.373732,9.5232935,,,,33.849413269966,Communication Services,Internet Content & Information,United States,75945,2021-Q1
META,META PLATFORMS INC,2021-03-01 00:00:00-05:00,2021,1,3,292.7254333496094,259.22198073766106,297.8736885597759,251.94682260441468,497416700,2168962480,634910481877.0435,634.9104818770435,,,,,,,,26.810455,29.18419,10.373732,9.5232935,,,,76.576718704985,Communication Services,Internet Content & Information,United States,75945,2021-Q1
META,META PLATFORMS INC,2021-04-01 00:00:00-04:00,2021,2,4,323.08819580078125,296.5716735488647,329.7769714778678,294.2261480140803,421257700,2168962480,700766174422.7881,700.7661744227881,,,,,,,,26.810455,29.18419,10.373732,9.5232935,,,,58.80021692440878,Communication Services,Internet Content & Information,United States,75945,2021-Q2
META,META PLATFORMS INC,2021-05-01 00:00:00-04:00,2021,2,5,326.71588134765625,324.17156890081185,331.7349278521852,296.3629915151119,353423700,2168962480,708634488263.1982,708.6344882631983,,,,,,,,26.810455,29.18419,10.373732,9.5232935,,,,46.0437973450454,Communication Services,Internet Content & Information,United States,75945,2021-Q2
META,META PLATFORMS INC,2021-06-01 00:00:00-04:00,2021,2,6,345.5796203613281,328.12721048248034,355.9457402431223,321.4980936363913,344810400,2168962480,749549230416.3647,749.5492304163647,,,,,,,,26.810455,29.18419,10.373732,9.5232935,,,,53.12898831406232,Communication Services,Internet Content & Information,United States,75945,2021-Q2
META,META PLATFORMS INC,2021-07-01 00:00:00-04:00,2021,3,7,354.1169738769531,344.69507628778734,375.2367772805326,332.450552399874,335420300,2168962480,768066429870.2515,768.0664298702515,,,,,,,,26.810455,29.18419,10.373732,9.5232935,,,,40.45808244302567,Communication Services,Internet Content & Information,United States,75945,2021-Q3
META,META PLATFORMS INC,2021-08-01 00:00:00-04:00,2021,3,8,377.0555725097656,355.9059546609985,380.4148683602898,345.5696807344159,226132300,2168962480,817819389648.6011,817.819389648601,,,,,,,,26.810455,29.18419,10.373732,9.5232935,,,,29.392903525323266,Communication Services,Internet Content & Information,United States,75945,2021-Q3
META,META PLATFORMS INC,2021-09-01 00:00:00-04:00,2021,3,9,337.3105773925781,377.2642544295608,381.97520281868304,336.0781542281743,338121800,2168962480,731613986471.6382,731.6139864716382,,,,,,,,26.810455,29.18419,10.373732,9.5232935,,,,29.58764652482011,Communication Services,Internet Content & Information,United States,75945,2021-Q3
META,META PLATFORMS INC,2021-10-01 00:00:00-04:00,2021,4,10,321.58746337890625,339.51690875983,342.9060190079616,306.2221664186507,588382500,2168962480,697511142107.2217,697.5111421072216,,,,,,,,26.810455,29.18419,10.373732,9.5232935,,,,22.9789733968633,Communication Services,Internet Content & Information,United States,75945,2021-Q4
META,META PLATFORMS INC,2021-11-01 00:00:00-04:00,2021,4,11,322.4720458984375,324.04238232491474,351.6620929393462,321.21978646242775,441125000,2168962480,699429768402.5488,699.4297684025488,,,,,,,,26.810455,29.18419,10.373732,9.5232935,,,,17.146263486200787,Communication Services,Internet Content & Information,United States,75945,2021-Q4
META,META PLATFORMS INC,2021-12-01 00:00:00-05:00,2021,4,12,334.2892150878906,328.26634667541504,350.5489640481451,297.6649861811219,438246900,2168962480,725060764994.2847,725.0607649942847,,,,,,,,26.810455,29.18419,10.373732,9.5232935,,,,23.13295562330586,Communication Services,Internet Content & Information,United States,75945,2021-Q4
META,META PLATFORMS INC,2022-01-01 00:00:00-05:00,2022,1,1,311.3406677246094,336.2272259695495,340.98788616329193,287.2392473167809,427237300,2168962480,675286226792.8247,675.2862267928247,,,,,,,,26.810455,29.18419,10.373732,9.5232935,,,,21.2634996427592,Communication Services,Internet Content & Information,United States,75945,2022-Q1
META,META PLATFORMS INC,2022-02-01 00:00:00-05:00,2022,1,2,209.73703002929688,312.63270641896435,325.99036273300874,189.05453413722674,1128039600,2168962480,454911748800.1782,454.9117488001782,,,,,,,,26.810455,29.18419,10.373732,9.5232935,,,,-18.084762887681705,Communication Services,Internet Content & Information,United States,75945,2022-Q1
META,META PLATFORMS INC,2022-03-01 00:00:00-05:00,2022,1,3,220.99761962890625,208.5841393466404,229.73375736706646,184.68150380175223,733274500,2168962480,479335545144.4092,479.3355451444092,,,,,,,,26.810455,29.18419,10.373732,9.5232935,,,,-24.503444371038576,Communication Services,Internet Content & Information,United States,75945,2022-Q1
META,META PLATFORMS INC,2022-04-01 00:00:00-04:00,2022,2,4,199.24172973632812,223.17419438270338,235.4087690905869,167.9645439238021,672255000,2168962480,432147836248.396,432.147836248396,,,,,,,,26.810455,29.18419,10.373732,9.5232935,,,,-38.33209249799329,Communication Services,Internet Content & Information,United States,75945,2022-Q2
META,META PLATFORMS INC,2022-05-01 00:00:00-04:00,2022,2,5,192.45358276367188,199.93744584903413,222.92573506133238,175.03098887009418,680548800,2168962480,417424600155.979,417.424600155979,,,,,,,,26.810455,29.18419,10.373732,9.5232935,,,,-41.09451246452165,Communication Services,Internet Content & Information,United States,75945,2022-Q2
META,META PLATFORMS INC,2022-06-01 00:00:00-04:00,2022,2,6,160.26202392578125,195.30598103137788,200.79216432926037,153.30491280962332,685975600,2168962480,347602316863.88184,347.6023168638818,,,,,,,,26.810455,29.18419,10.373732,9.5232935,,,,-53.62515192353765,Communication Services,Internet Content & Information,United States,75945,2022-Q2
META,META PLATFORMS INC,2022-07-01 00:00:00-04:00,2022,3,7,158.12521362304688,159.32779156130167,182.7235724353281,153.90125301891777,586482400,2168962480,342967655490.37354,342.96765549037355,,,,,,,,26.810455,29.18419,10.373732,9.5232935,,,,-55.34661558528073,Communication Services,Internet Content & Information,United States,75945,2022-Q3
META,META PLATFORMS INC,2022-08-01 00:00:00-04:00,2022,3,8,161.93174743652344,156.28655514067532,181.97818251290988,154.27892710180492,551922900,2168962480,351223884510.6555,351.2238845106555,,,,,,,,26.810455,29.18419,10.373732,9.5232935,,,,-57.05361245328646,Communication Services,Internet Content & Information,United States,75945,2022-Q3
META,META PLATFORMS INC,2022-09-01 00:00:00-04:00,2022,3,9,134.8487091064453,162.57778061101794,170.33992791167037,133.29826933388242,635014800,2168962480,292481790528.3142,292.4817905283142,,,,,,,,26.810455,29.18419,10.373732,9.5232935,,,,-60.02238941072342,Communication Services,Internet Content & Information,United States,75945,2022-Q3
META,META PLATFORMS INC,2022-10-01 00:00:00-04:00,2022,4,10,92.58922576904297,136.29976241208604,141.51759642002074,92.03265165199437,1107662200,2168962480,200822556745.30334,200.82255674530333,,,,,,,,26.810455,29.18419,10.373732,9.5232935,,,,-71.20869551436745,Communication Services,Internet Content & Information,United States,75945,2022-Q4
META,META PLATFORMS INC,2022-11-01 00:00:00-04:00,2022,4,11,117.37640380859375,93.75204512482244,118.01248194379448,87.55027193264105,1063791200,2168962480,254585015898.16895,254.58501589816893,,,,,,,,26.810455,29.18419,10.373732,9.5232935,,,,-63.60106083565413,Communication Services,Internet Content & Information,United States,75945,2022-Q4
META,META PLATFORMS INC,2022-12-01 00:00:00-05:00,2022,4,12,119.6026840209961,118.46966930491271,123.90615632089434,111.7709668008908,653019800,2168962480,259413734148.83606,259.41373414883606,,,,,,,,26.810455,29.18419,10.373732,9.5232935,,,,-64.22179399668923,Communication Services,Internet Content & Information,United States,75945,2022-Q4
META,META PLATFORMS INC,2023-01-01 00:00:00-05:00,2023,1,1,148.0572509765625,122.06747244914932,152.2513959368581,121.53078015927443,548770600,2168962480,321130622260.1074,321.13062226010743,,,,,,,,26.810455,29.18419,10.373732,9.5232935,,,,-52.445258096663494,Communication Services,Internet Content & Information,United States,75945,2023-Q1
META,META PLATFORMS INC,2023-02-01 00:00:00-05:00,2023,1,2,173.86817932128906,147.12304797931782,195.9520429479313,146.15898976604802,772170900,2168962480,377113557413.78784,377.1135574137878,,,,,,,,26.810455,29.18419,10.373732,9.5232935,,,,-17.101820647978816,Communication Services,Internet Content & Information,United States,75945,2023-Q1
META,META PLATFORMS INC,2023-03-01 00:00:00-05:00,2023,1,3,210.64146423339844,173.52029841220823,210.87005079685122,170.37965582137102,690053000,2168962480,456873432654.5032,456.8734326545032,,,,,,,,26.810455,29.18419,10.373732,9.5232935,,,,-4.68609363888064,Communication Services,Internet Content & Information,United States,75945,2023-Q1
META,META PLATFORMS INC,2023-04-01 00:00:00-04:00,2023,2,4,238.8475799560547,207.56044525265642,240.20918118907392,205.8609308204688,446687900,2168962480,518051439363.48267,518.0514393634827,,,,,,,,26.810455,29.18419,10.373732,9.5232935,,,,19.878290693490786,Communication Services,Internet Content & Information,United States,75945,2023-Q2
META,META PLATFORMS INC,2023-05-01 00:00:00-04:00,2023,2,5,263.0980529785156,237.15796247950843,267.00396645860747,228.44170747988588,487130000,2168962480,570649805471.4526,570.6498054714526,,,,,,,,26.810455,29.18419,10.373732,9.5232935,,,,36.70727725635192,Communication Services,Internet Content & Information,United States,75945,2023-Q2
META,META PLATFORMS INC,2023-06-01 00:00:00-04:00,2023,2,6,285.2217102050781,264.2708484887757,288.01449116072587,257.2938703180008,481150500,2168962480,618635187916.2476,618.6351879162476,,,,,,,,26.810455,29.18419,10.373732,9.5232935,,,,77.97211292998945,Communication Services,Internet Content & Information,United States,75945,2023-Q2
META,META PLATFORMS INC,2023-07-01 00:00:00-04:00,2023,3,7,316.64801025390625,284.94346097291344,324.20145270366527,283.10478947130184,625139900,2168962480,686797653607.3779,686.7976536073779,,,,,,,,26.810455,29.18419,10.373732,9.5232935,,,,100.25143555458543,Communication Services,Internet Content & Information,United States,75945,2023-Q3
META,META PLATFORMS INC,2023-08-01 00:00:00-04:00,2023,3,8,294.0771484375,315.59449661949964,322.1540656434766,272.6989267281478,424505900,2168962480,637842301186.3281,637.8423011863281,,,,,,,,26.810455,29.18419,10.373732,9.5232935,,,,81.60561662114898,Communication Services,Internet Content & Information,United States,75945,2023-Q3
META,META PLATFORMS INC,2023-09-01 00:00:00-04:00,2023,3,9,298.3706359863281,297.53578621884424,310.95307311956407,285.0328759190449,406770000,2168962480,647154714588.0835,647.1547145880835,,,,,,,,26.810455,29.18419,10.373732,9.5232935,,,,121.2632497288526,Communication Services,Internet Content & Information,United States,75945,2023-Q3
META,META PLATFORMS INC,2023-10-01 00:00:00-04:00,2023,4,10,299.4241638183594,300.88515861496035,328.5148513833058,277.68816209407777,511352700,2168962480,649439776927.395,649.439776927395,,,,,,,,26.810455,29.18419,10.373732,9.5232935,,,,223.3898559269207,Communication Services,Internet Content & Information,United States,75945,2023-Q4
META,META PLATFORMS INC,2023-11-01 00:00:00-04:00,2023,4,11,325.1455993652344,300.00062046151834,340.8189985648449,300.00062046151834,329280700,2168962480,705228605560.3052,705.2286055603051,,,,,,,,26.810455,29.18419,10.373732,9.5232935,,,,177.01104209620428,Communication Services,Internet Content & Information,United States,75945,2023-Q4
META,META PLATFORMS INC,2023-12-01 00:00:00-05:00,2023,4,12,351.7912902832031,323.4858057137316,359.68264459200947,311.7382191838242,334625900,2168962480,763022109415.0562,763.0221094150562,,,,,,,,26.810455,29.18419,10.373732,9.5232935,,,,194.1332739835894,Communication Services,Internet Content & Information,United States,75945,2023-Q4
META,META PLATFORMS INC,2024-01-01 00:00:00-05:00,2024,1,1,387.7496337890625,349.1674759521675,403.87022502314403,337.92677454538733,347235200,2168962480,841014407322.2168,841.0144073222168,,,,,,,,26.810455,29.18419,10.373732,9.5232935,,,,161.89168800009895,Communication Services,Internet Content & Information,United States,75945,2024-Q1
META,META PLATFORMS INC,2024-02-01 00:00:00-05:00,2024,1,2,487.12701416015625,391.5263608344257,491.33107784768873,390.6417992406995,466206300,2168962480,1056560216707.8076,1056.5602167078075,,,,,,,,26.810455,29.18419,10.373732,9.5232935,,,,180.17030836907756,Communication Services,Internet Content & Information,United States,75945,2024-Q1
META,META PLATFORMS INC,2024-03-01 00:00:00-05:00,2024,1,3,483.1169128417969,489.61378861582574,520.9142316193654,473.58552014472565,279596300,2168962480,1047862457407.2876,1047.8624574072876,,,,,,,,26.810455,29.18419,10.373732,9.5232935,,,,129.35508666350978,Communication Services,Internet Content & Information,United States,75945,2024-Q1
META,META PLATFORMS INC,2024-04-01 00:00:00-04:00,2024,2,4,427.9880065917969,484.7287247534181,528.7940450133616,412.3974781940535,437279500,2168962480,928289928187.6001,928.2899281876001,39071000000.0,39071.0,31763000000.0,13465000000.0,14847000000.0,18871000000.0,5.939763047961404,26.810455,29.18419,10.373732,9.5232935,,,,79.18875572050675,Communication Services,Internet Content & Information,United States,75945,2024-Q2
META,META PLATFORMS INC,2024-05-01 00:00:00-04:00,2024,2,5,464.4620666503906,426.42600160046266,480.05259645873707,424.9435387387995,282471200,2168962480,1007400795947.9565,1007.4007959479566,39071000000.0,39071.0,31763000000.0,13465000000.0,14847000000.0,18871000000.0,6.445962452637228,26.810455,29.18419,10.373732,9.5232935,,0.0,,76.5357293192581,Communication Services,Internet Content & Information,United States,75945,2024-Q2
META,META PLATFORMS INC,2024-06-01 00:00:00-04:00,2024,2,6,501.66241455078125,468.47161277804446,520.2277679084375,465.86490722606806,226116800,2168962480,1088086954786.8506,1088.0869547868506,39071000000.0,39071.0,31763000000.0,13465000000.0,14847000000.0,18871000000.0,6.962241526879595,26.810455,29.18419,10.373732,9.5232935,,0.0,,75.88507347146871,Communication Services,Internet Content & Information,United States,75945,2024-Q2
META,META PLATFORMS INC,2024-07-01 00:00:00-04:00,2024,3,7,472.8905334472656,502.8875332001485,540.5928786406291,440.84198063232395,324005400,2168962480,1025681824194.3042,1025.6818241943042,40589000000.0,40589.0,33214000000.0,15688000000.0,17350000000.0,22057000000.0,6.317486413771614,26.810455,29.18419,10.373732,9.5232935,,3.8852345729569304,,49.34265118801009,Communication Services,Internet Content & Information,United States,75945,2024-Q3
META,META PLATFORMS INC,2024-08-01 00:00:00-04:00,2024,3,8,519.1807250976562,518.8719937132536,542.0070921388586,448.9587110020117,323379200,2168962480,1126083513076.0107,1126.0835130760108,40589000000.0,40589.0,33214000000.0,15688000000.0,17350000000.0,22057000000.0,6.935890962305124,26.810455,29.18419,10.373732,9.5232935,,0.0,3.8852345729569304,76.54575605625385,Communication Services,Internet Content & Information,United States,75945,2024-Q3
META,META PLATFORMS INC,2024-09-01 00:00:00-04:00,2024,3,9,570.101806640625,517.5174863572857,575.0415688437006,493.57567194064063,246415200,2168962480,1236529428383.7305,1236.5294283837304,40589000000.0,40589.0,33214000000.0,15688000000.0,17350000000.0,22057000000.0,7.616160957302043,26.810455,29.18419,10.373732,9.5232935,,0.0,3.8852345729569304,91.07168664772631,Communication Services,Internet Content & Information,United States,75945,2024-Q3
META,META PLATFORMS INC,2024-10-01 00:00:00-04:00,2024,4,10,565.8009643554688,576.1683295407643,601.0600938948814,559.7599615727696,265878300,2168962480,1227201062834.829,1227.2010628348291,48385000000.0,48385.0,39546000000.0,20838000000.0,23364000000.0,28263000000.0,6.340813593235657,26.810455,29.18419,10.373732,9.5232935,,19.207174357584567,23.838652709170493,88.96302727882122,Communication Services,Internet Content & Information,United States,75945,2024-Q4
META,META PLATFORMS INC,2024-11-01 00:00:00-04:00,2024,4,11,572.5198364257812,565.8308466061565,597.7803756747478,547.3290242235169,237791800,2168962480,1241774044263.2568,1241.7740442632569,48385000000.0,48385.0,39546000000.0,20838000000.0,23364000000.0,28263000000.0,6.416110593485878,26.810455,29.18419,10.373732,9.5232935,,0.0,19.207174357584567,76.0810656959477,Communication Services,Internet Content & Information,United States,75945,2024-Q4
META,META PLATFORMS INC,2024-12-01 00:00:00-05:00,2024,4,12,583.6746826171875,575.6897808567834,636.3989093573971,573.7658378947476,263222700,2168962480,1265968487122.588,1265.968487122588,48385000000.0,48385.0,39546000000.0,20838000000.0,23364000000.0,28263000000.0,6.541120632027425,26.810455,29.18419,10.373732,9.5232935,,0.0,19.207174357584567,65.91504643202248,Communication Services,Internet Content & Information,United States,75945,2024-Q4
META,META PLATFORMS INC,2025-01-01 00:00:00-05:00,2025,1,1,687.5739135742188,588.3456752639278,709.1335385754707,586.4501395984041,317914400,2168962480,1491322020769.2432,1491.3220207692432,42314000000.0,42314.0,34742000000.0,16644000000.0,17555000000.0,22522000000.0,8.81104374893205,26.810455,29.18419,10.373732,9.5232935,,-12.547277048672111,4.249919929044821,77.32419418563833,Communication Services,Internet Content & Information,United States,75945,2025-Q1
META,META PLATFORMS INC,2025-02-01 00:00:00-05:00,2025,1,2,666.642822265625,674.3348157182385,739.1833381002464,640.3641788644011,298418700,2168962480,1445923269055.4492,1445.9232690554493,42314000000.0,42314.0,34742000000.0,16644000000.0,17555000000.0,22522000000.0,8.542818387858919,26.810455,29.18419,10.373732,9.5232935,,0.0,-12.547277048672111,36.851950905446614,Communication Services,Internet Content & Information,United States,75945,2025-Q1
META,META PLATFORMS INC,2025-03-01 00:00:00-05:00,2025,1,3,575.0167846679688,672.1099887725201,679.6623542769194,552.0105281831337,363413500,2168962480,1247189831315.0635,1247.1898313150634,42314000000.0,42314.0,34742000000.0,16644000000.0,17555000000.0,22522000000.0,7.368659493991726,26.810455,29.18419,10.373732,9.5232935,,0.0,-12.547277048672111,19.022284126961566,Communication Services,Internet Content & Information,United States,75945,2025-Q1
META,META PLATFORMS INC,2025-04-01 00:00:00-04:00,2025,2,4,548.2078857421875,570.0164011283243,591.8048649209201,479.1077174628611,451371800,2168962480,1189042335414.9316,1189.0423354149316,47516000000.0,47516.0,39025000000.0,18337000000.0,20441000000.0,25117000000.0,6.256010267146496,26.810455,29.18419,10.373732,9.5232935,,12.293803469300935,-1.7960111604836237,28.089543935527384,Communication Services,Internet Content & Information,United States,75945,2025-Q2
META,META PLATFORMS INC,2025-05-01 00:00:00-04:00,2025,2,5,646.5557861328125,591.225758971941,661.7138769851937,569.6768777155173,292454900,2168962480,1402355241348.9746,1402.3552413489747,47516000000.0,47516.0,39025000000.0,18337000000.0,20441000000.0,25117000000.0,7.378331726939213,26.810455,29.18419,10.373732,9.5232935,,0.0,12.293803469300935,39.205294157959145,Communication Services,Internet Content & Information,United States,75945,2025-Q2
META,META PLATFORMS INC,2025-06-01 00:00:00-04:00,2025,2,6,737.025146484375,643.4603200949813,746.8209906559015,643.3305027768869,254756800,2168962480,1598579889541.1133,1598.5798895411133,47516000000.0,47516.0,39025000000.0,18337000000.0,20441000000.0,25117000000.0,8.410745272861316,26.810455,29.18419,10.373732,9.5232935,,0.0,12.293803469300935,46.916556853148286,Communication Services,Internet Content & Information,United States,75945,2025-Q2
META,META PLATFORMS INC,2025-07-01 00:00:00-04:00,2025,3,7,772.9183349609375,736.3829962792471,784.2207041864842,690.7338137071737,273103200,2168962480,1676430868634.3457,1676.4308686343456,,,,,,,,26.810455,29.18419,10.373732,9.5232935,,0.0,12.293803469300935,63.44550806008669,Communication Services,Internet Content & Information,United States,75945,2025-Q3
META,META PLATFORMS INC,2025-08-01 00:00:00-04:00,2025,3,8,738.2017822265625,760.2168919659103,795.7129543584776,730.5069634361661,224528100,2168962480,1601131968318.545,1601.131968318545,,,,,,,,26.810455,29.18419,10.373732,9.5232935,,0.0,0.0,42.185899156350445,Communication Services,Internet Content & Information,United States,75945,2025-Q3
META,META PLATFORMS INC,2025-09-01 00:00:00-04:00,2025,3,9,733.8847045898438,725.5503026393526,790.2666352193294,721.2432119451059,234427400,2168962480,1591768388901.255,1591.7683889012549,,,,,,,,26.810455,29.18419,10.373732,9.5232935,,0.0,0.0,28.72871056387698,Communication Services,Internet Content & Information,United States,75945,2025-Q3
META,META PLATFORMS INC,2025-10-01 00:00:00-04:00,2025,4,10,738.3599853515625,721.489990234375,742.4099731445312,690.510009765625,225116579,2168962480,1601475104960.8887,1601.4751049608888,,,,,,,,26.810455,29.18419,10.373732,9.5232935,,0.0,0.0,30.498184320464006,Communication Services,Internet Content & Information,United States,75945,2025-Q4
