ticker,company_name,date,year,quarter,month,close_price,open_price,high_price,low_price,volume,shares_outstanding,market_cap,market_cap_billions,revenue,revenue_millions,gross_profit,net_income,operating_income,ebitda,ps_ratio,current_pe,forward_pe,current_ps,current_pb,peg_ratio,revenue_qoq_pct,revenue_yoy_pct,market_cap_yoy_pct,sector,industry,country,employees,year_quarter
MRVL,MARVELL TECHNOLOGY INC,2015-01-01 00:00:00-05:00,2015,1,1,13.94115161895752,13.09514278322375,14.57115916664778,12.456135789839006,180226500,862100000,12018666810.703278,12.018666810703278,,,,,,,,,33.652,10.024806,5.4036865,,,,,Technology,Semiconductors,United States,7042,2015-Q1
MRVL,MARVELL TECHNOLOGY INC,2015-02-01 00:00:00-05:00,2015,1,2,14.508158683776855,13.923151800704112,15.102165012499775,13.410145632730133,160138800,862100000,12507483601.284027,12.507483601284028,,,,,,,,,33.652,10.024806,5.4036865,,,,,Technology,Semiconductors,United States,7042,2015-Q1
MRVL,MARVELL TECHNOLOGY INC,2015-03-01 00:00:00-05:00,2015,1,3,13.230144500732422,14.670159732397972,15.066164543385293,13.077142758984992,146282200,862100000,11405707574.08142,11.40570757408142,,,,,,,,,33.652,10.024806,5.4036865,,,,,Technology,Semiconductors,United States,7042,2015-Q1
MRVL,MARVELL TECHNOLOGY INC,2015-04-01 00:00:00-04:00,2015,2,4,12.655157089233398,13.24229821314892,13.973967191387931,12.384168546868993,132442700,862100000,10910010926.628113,10.910010926628113,,,,,,,,,33.652,10.024806,5.4036865,,,,,Technology,Semiconductors,United States,7042,2015-Q2
MRVL,MARVELL TECHNOLOGY INC,2015-05-01 00:00:00-04:00,2015,2,5,12.637091636657715,12.736454597046803,13.133903854256497,11.78799506553074,131850600,862100000,10894436699.962616,10.894436699962617,,,,,,,,,33.652,10.024806,5.4036865,,,,,Technology,Semiconductors,United States,7042,2015-Q2
MRVL,MARVELL TECHNOLOGY INC,2015-06-01 00:00:00-04:00,2015,2,6,11.914453506469727,12.808715673426411,13.305526935520573,11.815091426340638,165330300,862100000,10271450367.927551,10.271450367927551,,,,,,,,,33.652,10.024806,5.4036865,,,,,Technology,Semiconductors,United States,7042,2015-Q2
MRVL,MARVELL TECHNOLOGY INC,2015-07-01 00:00:00-04:00,2015,3,7,11.28573226928711,12.020575370746652,12.238306339628753,10.841197991522996,123975200,862100000,9729429789.352417,9.729429789352418,,,,,,,,,33.652,10.024806,5.4036865,,,,,Technology,Semiconductors,United States,7042,2015-Q3
MRVL,MARVELL TECHNOLOGY INC,2015-08-01 00:00:00-04:00,2015,3,8,10.224298477172852,11.258521507353043,12.111302841739437,9.072136700872575,141977600,862100000,8814367717.170715,8.814367717170715,,,,,,,,,33.652,10.024806,5.4036865,,,,,Technology,Semiconductors,United States,7042,2015-Q3
MRVL,MARVELL TECHNOLOGY INC,2015-09-01 00:00:00-04:00,2015,3,9,8.210280418395996,9.943057657715991,10.215221816787187,7.448221119071054,216775000,862100000,7078082748.699188,7.078082748699188,,,,,,,,,33.652,10.024806,5.4036865,,,,,Technology,Semiconductors,United States,7042,2015-Q3
MRVL,MARVELL TECHNOLOGY INC,2015-10-01 00:00:00-04:00,2015,4,10,7.4482221603393555,8.146776038921686,8.836258440909385,6.849461445787034,221379100,862100000,6421112324.428558,6.421112324428559,,,,,,,,,33.652,10.024806,5.4036865,,,,,Technology,Semiconductors,United States,7042,2015-Q4
MRVL,MARVELL TECHNOLOGY INC,2015-11-01 00:00:00-04:00,2015,4,11,8.091080665588379,7.497491551601611,8.237195726346128,7.479226842415916,91245000,862100000,6975320641.803741,6.975320641803742,,,,,,,,,33.652,10.024806,5.4036865,,,,,Technology,Semiconductors,United States,7042,2015-Q4
MRVL,MARVELL TECHNOLOGY INC,2015-12-01 00:00:00-05:00,2015,4,12,8.054553985595703,8.136743454168634,8.785125975132402,7.287453875582377,96237600,862100000,6943830990.982056,6.943830990982056,,,,,,,,,33.652,10.024806,5.4036865,,,,,Technology,Semiconductors,United States,7042,2015-Q4
MRVL,MARVELL TECHNOLOGY INC,2016-01-01 00:00:00-05:00,2016,1,1,8.141303062438965,7.97571696383993,8.150501607790398,6.807417044253105,108383800,862100000,7018617370.128632,7.018617370128632,,,,,,,,,33.652,10.024806,5.4036865,,,,-41.602363384612914,Technology,Semiconductors,United States,7042,2016-Q1
MRVL,MARVELL TECHNOLOGY INC,2016-02-01 00:00:00-05:00,2016,1,2,8.785247802734375,8.01251383965249,8.987630716233259,7.653744248991547,107869000,862100000,7573762130.737305,7.573762130737305,,,,,,,,,33.652,10.024806,5.4036865,,,,-39.446155820186114,Technology,Semiconductors,United States,7042,2016-Q1
MRVL,MARVELL TECHNOLOGY INC,2016-03-01 00:00:00-05:00,2016,1,3,9.484392166137695,9.015231935423063,9.677575738943391,8.785251533383219,87118800,862100000,8176494486.427307,8.176494486427307,,,,,,,,,33.652,10.024806,5.4036865,,,,-28.312255655162055,Technology,Semiconductors,United States,7042,2016-Q1
MRVL,MARVELL TECHNOLOGY INC,2016-04-01 00:00:00-04:00,2016,2,4,9.234660148620605,9.095862998010775,10.178483596609889,8.85528044666636,132808300,862100000,7961200514.125824,7.961200514125824,,,,,,,,,33.652,10.024806,5.4036865,,,,-27.028482669115515,Technology,Semiconductors,United States,7042,2016-Q2
MRVL,MARVELL TECHNOLOGY INC,2016-05-01 00:00:00-04:00,2016,2,5,9.465991020202637,9.17914328880609,9.521510419881507,8.642459582531012,84616800,862100000,8160630858.516693,8.160630858516694,,,,,,,,,33.652,10.024806,5.4036865,,,,-25.093595169131632,Technology,Semiconductors,United States,7042,2016-Q2
MRVL,MARVELL TECHNOLOGY INC,2016-06-01 00:00:00-04:00,2016,2,6,8.818270683288574,9.42897975658197,9.641803123534817,8.374118950875578,128876500,862100000,7602231156.06308,7.6022311560630795,,,,,,,,,33.652,10.024806,5.4036865,,,,-25.986780018906273,Technology,Semiconductors,United States,7042,2016-Q2
MRVL,MARVELL TECHNOLOGY INC,2016-07-01 00:00:00-04:00,2016,3,7,10.936427116394043,8.842217668573907,11.215655220298396,8.49783666589382,152932500,862100000,9428293817.043304,9.428293817043304,,,,,,,,,33.652,10.024806,5.4036865,,,,-3.095104017695527,Technology,Semiconductors,United States,7042,2016-Q3
MRVL,MARVELL TECHNOLOGY INC,2016-08-01 00:00:00-04:00,2016,3,8,11.541422843933105,10.982967415276768,11.727575541127063,10.48966489805321,98230100,862100000,9949860633.75473,9.94986063375473,,,,,,,,,33.652,10.024806,5.4036865,,,,12.88229573599513,Technology,Semiconductors,United States,7042,2016-Q3
MRVL,MARVELL TECHNOLOGY INC,2016-09-01 00:00:00-04:00,2016,3,9,12.351181983947754,11.587958405410863,12.6211022688479,11.197039249673871,147536900,862100000,10647953988.361359,10.647953988361358,,,,,,,,,33.652,10.024806,5.4036865,,,,50.43556802607658,Technology,Semiconductors,United States,7042,2016-Q3
MRVL,MARVELL TECHNOLOGY INC,2016-10-01 00:00:00-04:00,2016,4,10,12.183989524841309,12.342951857246156,12.726331285368108,11.763207247433172,74237700,862100000,10503817369.365692,10.503817369365692,,,,,,,,,33.652,10.024806,5.4036865,,,,63.58252026529485,Technology,Semiconductors,United States,7042,2016-Q4
MRVL,MARVELL TECHNOLOGY INC,2016-11-01 00:00:00-04:00,2016,4,11,13.408936500549316,12.324252809539116,14.02608405634792,11.501389104556175,122459900,862100000,11559844157.123566,11.559844157123566,,,,,,,,,33.652,10.024806,5.4036865,,,,65.72491431926943,Technology,Semiconductors,United States,7042,2016-Q4
MRVL,MARVELL TECHNOLOGY INC,2016-12-01 00:00:00-05:00,2016,4,12,12.969451904296875,13.399585171776812,13.717509877099511,12.707631925929986,84442200,862100000,11180964486.694336,11.180964486694336,,,,,,,,,33.652,10.024806,5.4036865,,,,61.02011269017118,Technology,Semiconductors,United States,7042,2016-Q4
MRVL,MARVELL TECHNOLOGY INC,2017-01-01 00:00:00-05:00,2017,1,1,13.964457511901855,13.081701338230598,14.50913702460079,12.987790706828097,88247100,862100000,12038758821.01059,12.038758821010589,,,,,,,,,33.652,10.024806,5.4036865,,,,71.52607395649997,Technology,Semiconductors,United States,7042,2017-Q1
MRVL,MARVELL TECHNOLOGY INC,2017-02-01 00:00:00-05:00,2017,1,2,14.650001525878906,14.546699662411504,15.307372298427108,14.208623034804354,88025100,862100000,12629766315.460205,12.629766315460206,,,,,,,,,33.652,10.024806,5.4036865,,,,66.75683890577508,Technology,Semiconductors,United States,7042,2017-Q1
MRVL,MARVELL TECHNOLOGY INC,2017-03-01 00:00:00-05:00,2017,1,3,14.330706596374512,14.978687028208302,15.701795600092446,14.330706596374512,159253900,862100000,12354502156.734467,12.354502156734467,,,,,,,,,33.652,10.024806,5.4036865,,,,51.097786187497654,Technology,Semiconductors,United States,7042,2017-Q1
MRVL,MARVELL TECHNOLOGY INC,2017-04-01 00:00:00-04:00,2017,2,4,14.159749031066895,14.272876075773146,14.668821181771943,13.744948968090139,125341200,862100000,12207119639.68277,12.20711963968277,,,,,,,,,33.652,10.024806,5.4036865,,,,53.33264898959986,Technology,Semiconductors,United States,7042,2017-Q2
MRVL,MARVELL TECHNOLOGY INC,2017-05-01 00:00:00-04:00,2017,2,5,16.252595901489258,14.169171421260916,16.780521954032416,13.801508859431753,172167200,862100000,14011362926.67389,14.01136292667389,,,,,,,,,33.652,10.024806,5.4036865,,,,71.69460510581958,Technology,Semiconductors,United States,7042,2017-Q2
MRVL,MARVELL TECHNOLOGY INC,2017-06-01 00:00:00-04:00,2017,2,6,15.573838233947754,16.299737885097066,17.13876368041314,15.432429654685489,161010500,862100000,13426205941.486359,13.426205941486359,,,,,,,,,33.652,10.024806,5.4036865,,,,76.60875690130034,Technology,Semiconductors,United States,7042,2017-Q2
MRVL,MARVELL TECHNOLOGY INC,2017-07-01 00:00:00-04:00,2017,3,7,14.721304893493652,15.771474748053436,15.809317780120054,14.579389463026288,133909000,862100000,12691236948.680878,12.691236948680878,,,,,,,,,33.652,10.024806,5.4036865,,,,34.60799159376246,Technology,Semiconductors,United States,7042,2017-Q3
MRVL,MARVELL TECHNOLOGY INC,2017-08-01 00:00:00-04:00,2017,3,8,16.94463539123535,14.749685683167433,17.00140083415686,14.068494052216186,131138200,862100000,14607970170.783997,14.607970170783997,,,,,,,,,33.652,10.024806,5.4036865,,,,46.815826959693396,Technology,Semiconductors,United States,7042,2017-Q3
MRVL,MARVELL TECHNOLOGY INC,2017-09-01 00:00:00-04:00,2017,3,9,16.935176849365234,16.935176849365234,17.663673732282522,16.272908432246844,106574000,862100000,14599815961.837769,14.599815961837768,,,,,,,,,33.652,10.024806,5.4036865,,,,37.11381527189124,Technology,Semiconductors,United States,7042,2017-Q3
MRVL,MARVELL TECHNOLOGY INC,2017-10-01 00:00:00-04:00,2017,4,10,17.47445297241211,17.22846694418703,17.862353531082885,17.01086454386755,115005000,862100000,15064725907.51648,15.064725907516479,,,,,,,,,33.652,10.024806,5.4036865,,,,43.421437918871696,Technology,Semiconductors,United States,7042,2017-Q4
MRVL,MARVELL TECHNOLOGY INC,2017-11-01 00:00:00-04:00,2017,4,11,21.205114364624023,17.62663225560296,22.989608408364436,16.94320935149147,286957000,862100000,18280929093.74237,18.28092909374237,,,,,,,,,33.652,10.024806,5.4036865,,,,58.14165697447613,Technology,Semiconductors,United States,7042,2017-Q4
MRVL,MARVELL TECHNOLOGY INC,2017-12-01 00:00:00-05:00,2017,4,12,20.37931251525879,21.005784037410553,21.499368209546596,20.33185326466871,128348600,862100000,17569005319.404602,17.569005319404603,,,,,,,,,33.652,10.024806,5.4036865,,,,57.133182386118975,Technology,Semiconductors,United States,7042,2017-Q4
MRVL,MARVELL TECHNOLOGY INC,2018-01-01 00:00:00-05:00,2018,1,1,22.205354690551758,20.61585858473845,23.04293263980647,20.3779100767748,173788100,862100000,19143236278.72467,19.14323627872467,,,,,,,,,33.652,10.024806,5.4036865,,,,59.01337142260068,Technology,Semiconductors,United States,7042,2018-Q1
MRVL,MARVELL TECHNOLOGY INC,2018-02-01 00:00:00-05:00,2018,1,2,22.357641220092773,21.99596029275611,22.795467411503488,19.388044906519383,148692700,862100000,19274522495.84198,19.27452249584198,,,,,,,,,33.652,10.024806,5.4036865,,,,52.61186956600987,Technology,Semiconductors,United States,7042,2018-Q1
MRVL,MARVELL TECHNOLOGY INC,2018-03-01 00:00:00-05:00,2018,1,3,19.98767852783203,22.433789371487887,23.966178639550762,19.416601635384723,221112200,862100000,17231377658.843994,17.231377658843993,,,,,,,,,33.652,10.024806,5.4036865,,,,39.4744801550027,Technology,Semiconductors,United States,7042,2018-Q1
MRVL,MARVELL TECHNOLOGY INC,2018-04-01 00:00:00-04:00,2018,2,4,19.146699905395508,19.891188413411644,21.628326444939187,18.888993955379636,156795000,862100000,16506369988.441467,16.506369988441467,,,,,,,,,33.652,10.024806,5.4036865,,,,35.21920383890351,Technology,Semiconductors,United States,7042,2018-Q2
MRVL,MARVELL TECHNOLOGY INC,2018-05-01 00:00:00-04:00,2018,2,5,20.559314727783203,18.97489053677973,21.714224242205283,18.54537950121776,188290000,862100000,17724185226.8219,17.7241852268219,,,,,,,,,33.652,10.024806,5.4036865,,,,26.498651983953604,Technology,Semiconductors,United States,7042,2018-Q2
MRVL,MARVELL TECHNOLOGY INC,2018-06-01 00:00:00-04:00,2018,2,6,20.463869094848633,20.902925102960452,21.90512125190636,18.90807955886485,209421600,862100000,17641901546.669006,17.641901546669008,,,,,,,,,33.652,10.024806,5.4036865,,,,31.39900894977592,Technology,Semiconductors,United States,7042,2018-Q2
MRVL,MARVELL TECHNOLOGY INC,2018-07-01 00:00:00-04:00,2018,3,7,20.33978271484375,20.12025475469166,21.876482076927402,19.814824232652317,207966700,862100000,17534926678.466797,17.534926678466796,,,,,,,,,33.652,10.024806,5.4036865,,,,38.165623645450665,Technology,Semiconductors,United States,7042,2018-Q3
MRVL,MARVELL TECHNOLOGY INC,2018-08-01 00:00:00-04:00,2018,3,8,19.79412269592285,20.387562480640682,21.296867673355667,18.64552685519263,155504100,862100000,17064513176.15509,17.06451317615509,,,,,,,,,33.652,10.024806,5.4036865,,,,16.81645688381943,Technology,Semiconductors,United States,7042,2018-Q3
MRVL,MARVELL TECHNOLOGY INC,2018-09-01 00:00:00-04:00,2018,3,9,18.47323226928711,19.698400710944043,20.004692364947708,17.362924110702686,263394500,862100000,15925773539.352417,15.925773539352416,,,,,,,,,33.652,10.024806,5.4036865,,,,9.082015697872814,Technology,Semiconductors,United States,7042,2018-Q3
MRVL,MARVELL TECHNOLOGY INC,2018-10-01 00:00:00-04:00,2018,4,10,15.707039833068848,18.55938425401133,18.80824677623116,14.654161405927352,307777000,862100000,13541039040.088654,13.541039040088654,,,,,,,,,33.652,10.024806,5.4036865,,,,-10.114268767861144,Technology,Semiconductors,United States,7042,2018-Q4
MRVL,MARVELL TECHNOLOGY INC,2018-11-01 00:00:00-04:00,2018,4,11,15.467974662780762,15.784823220522279,16.956202348556054,14.104564413214526,193903300,862100000,13334940956.783295,13.334940956783294,,,,,,,,,33.652,10.024806,5.4036865,,,,-27.055452770461798,Technology,Semiconductors,United States,7042,2018-Q4
MRVL,MARVELL TECHNOLOGY INC,2018-12-01 00:00:00-05:00,2018,4,12,15.544787406921387,15.871237679679654,16.053664372846534,13.768514294874556,230127900,862100000,13401161223.506927,13.401161223506927,,,,,,,,,33.652,10.024806,5.4036865,,,,-23.722709511018113,Technology,Semiconductors,United States,7042,2018-Q4
MRVL,MARVELL TECHNOLOGY INC,2019-01-01 00:00:00-05:00,2019,1,1,17.86351776123047,15.328111984036372,18.18164832139695,15.13530572323438,269768300,862100000,15400138661.956787,15.400138661956786,,,,,,,,,33.652,10.024806,5.4036865,,,,-19.553107751837505,Technology,Semiconductors,United States,7042,2019-Q1
MRVL,MARVELL TECHNOLOGY INC,2019-02-01 00:00:00-05:00,2019,1,2,19.232444763183594,17.882798097261784,19.5505753427233,17.304380199004612,207100600,862100000,16580290630.340576,16.580290630340578,,,,,,,,,33.652,10.024806,5.4036865,,,,-13.97820291570191,Technology,Semiconductors,United States,7042,2019-Q1
MRVL,MARVELL TECHNOLOGY INC,2019-03-01 00:00:00-05:00,2019,1,3,19.17460060119629,19.367407784050926,20.225395886388362,17.429702767469546,242159600,862100000,16530423178.29132,16.530423178291322,,,,,,,,,33.652,10.024806,5.4036865,,,,-4.067895756395945,Technology,Semiconductors,United States,7042,2019-Q1
MRVL,MARVELL TECHNOLOGY INC,2019-04-01 00:00:00-04:00,2019,2,4,24.120080947875977,19.39632454175497,24.81418332208823,19.232439029111717,341097400,862100000,20793921785.16388,20.793921785163878,,,,,,,,,33.652,10.024806,5.4036865,,,,25.975134446427383,Technology,Semiconductors,United States,7042,2019-Q2
MRVL,MARVELL TECHNOLOGY INC,2019-05-01 00:00:00-04:00,2019,2,5,21.561796188354492,24.32712140668389,24.491493923386177,20.594899465213768,245191200,862100000,18588424493.980408,18.58842449398041,,,,,,,,,33.652,10.024806,5.4036865,,,,4.876045110669791,Technology,Semiconductors,United States,7042,2019-Q2
MRVL,MARVELL TECHNOLOGY INC,2019-06-01 00:00:00-04:00,2019,2,6,23.079833984375,21.552136680128402,24.24010936748075,21.484452335763645,188987800,862100000,19897124877.929688,19.897124877929688,,,,,,,,,33.652,10.024806,5.4036865,,,,12.783334751612951,Technology,Semiconductors,United States,7042,2019-Q2
MRVL,MARVELL TECHNOLOGY INC,2019-07-01 00:00:00-04:00,2019,3,7,25.390716552734375,24.114412751940208,26.725033659689256,23.099169750974117,181492200,862100000,21889336740.112305,21.889336740112306,,,,,,,,,33.652,10.024806,5.4036865,,,,24.83278169045784,Technology,Semiconductors,United States,7042,2019-Q3
MRVL,MARVELL TECHNOLOGY INC,2019-08-01 00:00:00-04:00,2019,3,8,23.232051849365234,25.54847386198296,25.965236051021527,22.466373983503566,193556900,862100000,20028351899.33777,20.028351899337768,,,,,,,,,33.652,10.024806,5.4036865,,,,17.36843408650044,Technology,Semiconductors,United States,7042,2019-Q3
MRVL,MARVELL TECHNOLOGY INC,2019-09-01 00:00:00-04:00,2019,3,9,24.201269149780273,22.941291885232054,25.71324408559259,22.505144913626825,145391100,862100000,20863914134.025574,20.863914134025574,,,,,,,,,33.652,10.024806,5.4036865,,,,31.00722600676862,Technology,Semiconductors,United States,7042,2019-Q3
MRVL,MARVELL TECHNOLOGY INC,2019-10-01 00:00:00-04:00,2019,4,10,23.639127731323242,24.375730557725838,24.559881726483717,22.233768608102782,148431200,862100000,20379292017.173767,20.379292017173768,,,,,,,,,33.652,10.024806,5.4036865,,,,50.50020871249436,Technology,Semiconductors,United States,7042,2019-Q4
MRVL,MARVELL TECHNOLOGY INC,2019-11-01 00:00:00-04:00,2019,4,11,25.625165939331055,23.85657126427364,27.57839077391026,23.69137293184697,143169000,862100000,22091455556.297302,22.0914555562973,,,,,,,,,33.652,10.024806,5.4036865,,,,65.66594203823372,Technology,Semiconductors,United States,7042,2019-Q4
MRVL,MARVELL TECHNOLOGY INC,2019-12-01 00:00:00-05:00,2019,4,12,25.809799194335938,25.693189691408346,26.334547517933984,22.729337332125077,188121200,862100000,22250627885.43701,22.250627885437012,,,,,,,,,33.652,10.024806,5.4036865,,,,66.03507348607423,Technology,Semiconductors,United States,7042,2019-Q4
MRVL,MARVELL TECHNOLOGY INC,2020-01-01 00:00:00-05:00,2020,1,1,23.413990020751953,26.296909587552538,28.108475064708372,23.28737423058486,224873200,862100000,20185200796.89026,20.18520079689026,,,,,,,,,33.652,10.024806,5.4036865,,,,31.07155227604599,Technology,Semiconductors,United States,7042,2020-Q1
MRVL,MARVELL TECHNOLOGY INC,2020-02-01 00:00:00-05:00,2020,1,2,20.745338439941406,23.676957016894562,25.371646473712044,18.992211928111043,215898000,862100000,17884556269.073486,17.884556269073485,,,,,,,,,33.652,10.024806,5.4036865,,,,7.86636174124844,Technology,Semiconductors,United States,7042,2020-Q1
MRVL,MARVELL TECHNOLOGY INC,2020-03-01 00:00:00-05:00,2020,1,3,22.04070472717285,21.03752753734825,25.12815670498121,16.021636015183766,278020400,862100000,19001291545.295715,19.001291545295715,,,,,,,,,33.652,10.024806,5.4036865,,,,14.947399351816216,Technology,Semiconductors,United States,7042,2020-Q1
MRVL,MARVELL TECHNOLOGY INC,2020-04-01 00:00:00-04:00,2020,2,4,26.043676376342773,21.232316005767228,27.329302597850987,20.73559830374111,189358600,862100000,22452253404.045105,22.452253404045106,,,,,,,,,33.652,10.024806,5.4036865,,,,7.975078660074675,Technology,Semiconductors,United States,7042,2020-Q2
MRVL,MARVELL TECHNOLOGY INC,2020-05-01 00:00:00-04:00,2020,2,5,31.8588924407959,25.45195423599868,32.190959536008585,24.39715342263057,205861800,862100000,27465551173.210144,27.465551173210144,,,,,,,,,33.652,10.024806,5.4036865,,,,47.75620807510861,Technology,Semiconductors,United States,7042,2020-Q2
MRVL,MARVELL TECHNOLOGY INC,2020-06-01 00:00:00-04:00,2020,2,6,34.241966247558594,31.595194308899885,36.05856479298481,31.204529517431375,208116200,862100000,29519999102.020264,29.519999102020265,,,,,,,,,33.652,10.024806,5.4036865,,,,48.363139313481774,Technology,Semiconductors,United States,7042,2020-Q2
MRVL,MARVELL TECHNOLOGY INC,2020-07-01 00:00:00-04:00,2020,3,7,35.61906814575195,34.18336559839806,38.48070447818743,33.48016374243841,157025400,862100000,30707198648.45276,30.70719864845276,,,,,,,,,33.652,10.024806,5.4036865,,,,40.28382409678812,Technology,Semiconductors,United States,7042,2020-Q3
MRVL,MARVELL TECHNOLOGY INC,2020-08-01 00:00:00-04:00,2020,3,8,37.934871673583984,36.20344458897831,38.394630223223736,31.821077052051542,175770000,862100000,32703652869.796753,32.703652869796755,,,,,,,,,33.652,10.024806,5.4036865,,,,63.286789817579006,Technology,Semiconductors,United States,7042,2020-Q3
MRVL,MARVELL TECHNOLOGY INC,2020-09-01 00:00:00-04:00,2020,3,9,38.83481979370117,38.09138036206039,40.439078724049395,35.156759275355974,157989800,862100000,33479498144.14978,33.47949814414978,,,,,,,,,33.652,10.024806,5.4036865,,,,60.46604644307987,Technology,Semiconductors,United States,7042,2020-Q3
MRVL,MARVELL TECHNOLOGY INC,2020-10-01 00:00:00-04:00,2020,4,10,36.69255828857422,39.52936126875939,44.05846261959717,34.53072080914791,199253900,862100000,31632654500.579834,31.632654500579832,,,,,,,,,33.652,10.024806,5.4036865,,,,55.21959484128685,Technology,Semiconductors,United States,7042,2020-Q4
MRVL,MARVELL TECHNOLOGY INC,2020-11-01 00:00:00-04:00,2020,4,11,45.34504699707031,37.126319213433895,45.433209906297485,35.7646912294087,183623000,862100000,39091965016.17432,39.09196501617431,,,,,,,,,33.652,10.024806,5.4036865,,,,76.95513505913338,Technology,Semiconductors,United States,7042,2020-Q4
MRVL,MARVELL TECHNOLOGY INC,2020-12-01 00:00:00-05:00,2020,4,12,46.56952667236328,45.94259213150183,47.431559797635465,41.2405756013917,198133400,862100000,40147588944.244385,40.14758894424438,,,,,,,,,33.652,10.024806,5.4036865,,,,80.43351024049481,Technology,Semiconductors,United States,7042,2020-Q4
MRVL,MARVELL TECHNOLOGY INC,2021-01-01 00:00:00-05:00,2021,1,1,50.473602294921875,46.893568557471895,54.63233067145052,44.96132876144977,176472700,862100000,43513292538.45215,43.51329253845215,,,,,,,,,33.652,10.024806,5.4036865,,,,115.57027337154766,Technology,Semiconductors,United States,7042,2021-Q1
MRVL,MARVELL TECHNOLOGY INC,2021-02-01 00:00:00-05:00,2021,1,2,47.35455322265625,51.06209958854041,53.514178835638624,45.255573985792346,188867700,862100000,40824360333.25195,40.82436033325195,,,,,,,,,33.652,10.024806,5.4036865,,,,128.2659950800494,Technology,Semiconductors,United States,7042,2021-Q1
MRVL,MARVELL TECHNOLOGY INC,2021-03-01 00:00:00-05:00,2021,1,3,48.0411376953125,48.14902978428467,48.92388774910651,37.19313741253505,320044000,862100000,41416264807.12891,41.416264807128904,,,,,,,,,33.652,10.024806,5.4036865,,,,117.9655246507842,Technology,Semiconductors,United States,7042,2021-Q1
MRVL,MARVELL TECHNOLOGY INC,2021-04-01 00:00:00-04:00,2021,2,4,44.3433952331543,48.74733071330698,50.50302015529589,44.17665565900899,205251900,862100000,38228441030.50232,38.22844103050232,,,,,,,,,33.652,10.024806,5.4036865,,,,70.26549782132292,Technology,Semiconductors,United States,7042,2021-Q2
MRVL,MARVELL TECHNOLOGY INC,2021-05-01 00:00:00-04:00,2021,2,5,47.43067932128906,44.661434946048765,48.32430068002208,40.05584851966153,168104300,862100000,40889988642.8833,40.8899886428833,,,,,,,,,33.652,10.024806,5.4036865,,,,48.87736417526305,Technology,Semiconductors,United States,7042,2021-Q2
MRVL,MARVELL TECHNOLOGY INC,2021-06-01 00:00:00-04:00,2021,2,6,57.28015899658203,47.86276286639666,57.88899898083115,45.928218384944934,185051300,862100000,49381225070.95337,49.38122507095337,,,,,,,,,33.652,10.024806,5.4036865,,,,67.28057782215129,Technology,Semiconductors,United States,7042,2021-Q2
MRVL,MARVELL TECHNOLOGY INC,2021-07-01 00:00:00-04:00,2021,3,7,59.42091751098633,56.92663619561471,59.50929780831313,51.83986740733663,114382600,862100000,51226772986.22131,51.22677298622131,,,,,,,,,33.652,10.024806,5.4036865,,,,66.82333537710213,Technology,Semiconductors,United States,7042,2021-Q3
MRVL,MARVELL TECHNOLOGY INC,2021-08-01 00:00:00-04:00,2021,3,8,60.15235900878906,59.96558231551443,62.98352197795027,56.13171571665011,127479100,862100000,51857348701.47705,51.85734870147705,,,,,,,,,33.652,10.024806,5.4036865,,,,58.567450883658225,Technology,Semiconductors,United States,7042,2021-Q3
MRVL,MARVELL TECHNOLOGY INC,2021-09-01 00:00:00-04:00,2021,3,9,59.28728103637695,60.57506401838349,62.89504439055935,58.38288019213493,95437300,862100000,51111564981.46057,51.111564981460575,,,,,,,,,33.652,10.024806,5.4036865,,,,52.66526625158456,Technology,Semiconductors,United States,7042,2021-Q3
MRVL,MARVELL TECHNOLOGY INC,2021-10-01 00:00:00-04:00,2021,4,10,67.33841705322266,59.76898840088763,67.91840857819716,55.89580196709998,142401200,862100000,58052449341.58325,58.052449341583255,,,,,,,,,33.652,10.024806,5.4036865,,,,83.52063795505728,Technology,Semiconductors,United States,7042,2021-Q4
MRVL,MARVELL TECHNOLOGY INC,2021-11-01 00:00:00-04:00,2021,4,11,70.0290298461914,67.56910882441639,74.89967797355587,66.68353575516073,132238300,862100000,60372026630.40161,60.37202663040161,,,,,,,,,33.652,10.024806,5.4036865,,,,54.43589649541194,Technology,Semiconductors,United States,7042,2021-Q4
MRVL,MARVELL TECHNOLOGY INC,2021-12-01 00:00:00-05:00,2021,4,12,86.08740234375,71.5837086915889,92.34544263199376,68.18902035440897,268599600,862100000,74215949560.54688,74.21594956054687,,,,,,,,,33.652,10.024806,5.4036865,,,,84.857799713989,Technology,Semiconductors,United States,7042,2021-Q4
MRVL,MARVELL TECHNOLOGY INC,2022-01-01 00:00:00-05:00,2022,1,1,70.25535583496094,86.5400308015809,90.30863214246142,61.54723193224931,266357300,862100000,60567142265.319824,60.56714226531982,,,,,,,,,33.652,10.024806,5.4036865,,,,39.192276042538964,Technology,Semiconductors,United States,7042,2022-Q1
MRVL,MARVELL TECHNOLOGY INC,2022-02-01 00:00:00-05:00,2022,1,2,67.28254699707031,71.12276401627045,76.99140016082971,60.02552163665128,203033300,862100000,58004283766.17432,58.00428376617432,,,,,,,,,33.652,10.024806,5.4036865,,,,42.08252938363641,Technology,Semiconductors,United States,7042,2022-Q1
MRVL,MARVELL TECHNOLOGY INC,2022-03-01 00:00:00-05:00,2022,1,3,70.61072540283203,67.42039487173138,75.415915061554,57.93801626719867,256936600,862100000,60873506369.781494,60.873506369781495,,,,,,,,,33.652,10.024806,5.4036865,,,,46.97971111895984,Technology,Semiconductors,United States,7042,2022-Q1
MRVL,MARVELL TECHNOLOGY INC,2022-04-01 00:00:00-04:00,2022,2,4,57.18968200683594,70.89629777336758,71.88096857577547,55.702826991716265,192950000,862100000,49303224858.09326,49.30322485809326,,,,,,,,,33.652,10.024806,5.4036865,,,,28.970011669464668,Technology,Semiconductors,United States,7042,2022-Q2
MRVL,MARVELL TECHNOLOGY INC,2022-05-01 00:00:00-04:00,2022,2,5,58.295867919921875,57.270884750958565,62.19868410988307,49.682072986292326,240838800,862100000,50256867733.76465,50.25686773376465,,,,,,,,,33.652,10.024806,5.4036865,,,,22.90751208734221,Technology,Semiconductors,United States,7042,2022-Q2
MRVL,MARVELL TECHNOLOGY INC,2022-06-01 00:00:00-04:00,2022,2,6,42.901424407958984,58.48312892959022,60.61193832020813,41.93557608587995,212951200,862100000,36985317982.10144,36.98531798210144,,,,,,,,,33.652,10.024806,5.4036865,,,,-25.10246975655399,Technology,Semiconductors,United States,7042,2022-Q2
MRVL,MARVELL TECHNOLOGY INC,2022-07-01 00:00:00-04:00,2022,3,7,54.875980377197266,42.152401095349596,54.9548232211589,40.47694836551881,182423900,862100000,47308582683.18176,47.30858268318176,,,,,,,,,33.652,10.024806,5.4036865,,,,-7.6487158464841105,Technology,Semiconductors,United States,7042,2022-Q3
MRVL,MARVELL TECHNOLOGY INC,2022-08-01 00:00:00-04:00,2022,3,8,46.207183837890625,54.26037938518176,57.66522390746032,45.7433343515468,225407000,862100000,39835213186.64551,39.83521318664551,,,,,,,,,33.652,10.024806,5.4036865,,,,-23.183089409445866,Technology,Semiconductors,United States,7042,2022-Q3
MRVL,MARVELL TECHNOLOGY INC,2022-09-01 00:00:00-04:00,2022,3,9,42.348365783691406,44.815644153202136,49.93771269298992,41.55883745840158,218753800,862100000,36508526142.12036,36.50852614212036,,,,,,,,,33.652,10.024806,5.4036865,,,,-28.57090923480252,Technology,Semiconductors,United States,7042,2022-Q3
MRVL,MARVELL TECHNOLOGY INC,2022-10-01 00:00:00-04:00,2022,4,10,39.160640716552734,43.03920242984125,48.65472637602338,34.83796816495488,271134500,862100000,33760388361.740112,33.76038836174011,,,,,,,,,33.652,10.024806,5.4036865,,,,-41.84502334588424,Technology,Semiconductors,United States,7042,2022-Q4
MRVL,MARVELL TECHNOLOGY INC,2022-11-01 00:00:00-04:00,2022,4,11,45.968143463134766,40.33576061204968,46.05707596281563,36.2745160756971,245378900,862100000,39629136479.56848,39.62913647956848,,,,,,,,,33.652,10.024806,5.4036865,,,,-34.358445970053964,Technology,Semiconductors,United States,7042,2022-Q4
MRVL,MARVELL TECHNOLOGY INC,2022-12-01 00:00:00-05:00,2022,4,12,36.6005973815918,46.56101692492078,46.77840828300356,34.67372937257335,236731600,862100000,31553375002.670288,31.55337500267029,,,,,,,,,33.652,10.024806,5.4036865,,,,-57.48437473412853,Technology,Semiconductors,United States,7042,2022-Q4
MRVL,MARVELL TECHNOLOGY INC,2023-01-01 00:00:00-05:00,2023,1,1,42.638126373291016,37.46028521774141,44.268550670792145,33.34963416479881,228939600,862100000,36758328746.414185,36.758328746414186,,,,,,,,,33.652,10.024806,5.4036865,,,,-39.30978518783169,Technology,Semiconductors,United States,7042,2023-Q1
MRVL,MARVELL TECHNOLOGY INC,2023-02-01 00:00:00-05:00,2023,1,2,44.68764114379883,42.87637951910557,48.983197352622334,41.708463053874794,186937800,862100000,38525215430.06897,38.52521543006897,,,,,,,,,33.652,10.024806,5.4036865,,,,-33.58212026999414,Technology,Semiconductors,United States,7042,2023-Q1
MRVL,MARVELL TECHNOLOGY INC,2023-03-01 00:00:00-05:00,2023,1,3,42.856571197509766,44.89547644178172,46.122775695124766,36.26477529300255,335091400,862100000,36946650029.37317,36.94665002937317,,,,,,,,,33.652,10.024806,5.4036865,,,,-39.30586188852425,Technology,Semiconductors,United States,7042,2023-Q1
MRVL,MARVELL TECHNOLOGY INC,2023-04-01 00:00:00-04:00,2023,2,4,39.0756950378418,42.480465524834074,42.84667916860922,36.522118116505574,194216900,862100000,33687156692.123413,33.687156692123416,,,,,,,,,33.652,10.024806,5.4036865,,,,-31.67352279879605,Technology,Semiconductors,United States,7042,2023-Q2
MRVL,MARVELL TECHNOLOGY INC,2023-05-01 00:00:00-04:00,2023,2,5,57.976959228515625,39.331948946200946,67.3936266195361,38.29115973077777,431816800,862100000,49981936550.90332,49.98193655090332,,,,,,,,,33.652,10.024806,5.4036865,,,,-0.5470519657487904,Technology,Semiconductors,United States,7042,2023-Q2
MRVL,MARVELL TECHNOLOGY INC,2023-06-01 00:00:00-04:00,2023,2,6,59.255645751953125,58.8690671947704,63.081788833918665,56.09362781228484,307938300,862100000,51084292202.75879,51.08429220275879,,,,,,,,,33.652,10.024806,5.4036865,,,,38.120462361525085,Technology,Semiconductors,United States,7042,2023-Q2
MRVL,MARVELL TECHNOLOGY INC,2023-07-01 00:00:00-04:00,2023,3,7,64.55870819091797,59.790901621296385,66.22397234010084,56.92625191860577,198340700,862100000,55656062331.39038,55.65606233139038,,,,,,,,,33.652,10.024806,5.4036865,,,,17.644746840357485,Technology,Semiconductors,United States,7042,2023-Q3
MRVL,MARVELL TECHNOLOGY INC,2023-08-01 00:00:00-04:00,2023,3,8,57.79704666137695,64.36557211446957,65.77452834502068,51.843702799260875,282275500,862100000,49826833926.77307,49.82683392677307,,,,,,,,,33.652,10.024806,5.4036865,,,,25.08238299946437,Technology,Semiconductors,United States,7042,2023-Q3
MRVL,MARVELL TECHNOLOGY INC,2023-09-01 00:00:00-04:00,2023,3,9,53.709083557128906,58.48167834165535,58.82895899571772,51.03999870504173,171945400,862100000,46302600934.60083,46.30260093460083,,,,,,,,,33.652,10.024806,5.4036865,,,,26.82681506877078,Technology,Semiconductors,United States,7042,2023-Q3
MRVL,MARVELL TECHNOLOGY INC,2023-10-01 00:00:00-04:00,2023,4,10,46.85281753540039,53.51063953117077,55.52485299886931,45.711758444664646,177051900,862100000,40391813997.26868,40.39181399726868,,,,,,,,,33.652,10.024806,5.4036865,,,,19.642622485480075,Technology,Semiconductors,United States,7042,2023-Q4
MRVL,MARVELL TECHNOLOGY INC,2023-11-01 00:00:00-04:00,2023,4,11,55.35894775390625,46.736739116815805,57.73303446537559,46.02153547229005,190484400,862100000,47724948858.64258,47.72494885864258,,,,,,,,,33.652,10.024806,5.4036865,,,,20.42893965970729,Technology,Semiconductors,United States,7042,2023-Q4
MRVL,MARVELL TECHNOLOGY INC,2023-12-01 00:00:00-05:00,2023,4,12,59.908451080322266,51.87231499434717,61.37859663091133,50.01476292151152,195087500,862100000,51647075676.345825,51.64707567634583,,,,,,,,,33.652,10.024806,5.4036865,,,,63.68162097390551,Technology,Semiconductors,United States,7042,2023-Q4
MRVL,MARVELL TECHNOLOGY INC,2024-01-01 00:00:00-05:00,2024,1,1,67.24925231933594,59.06411612390788,73.04043816619095,55.25961812398199,278331400,862100000,57975580424.49951,57.97558042449951,,,,,,,,,33.652,10.024806,5.4036865,,,,57.72093672826486,Technology,Semiconductors,United States,7042,2024-Q1
MRVL,MARVELL TECHNOLOGY INC,2024-02-01 00:00:00-05:00,2024,1,2,71.25822448730469,67.81761713948933,72.45149336187964,63.17380244688746,241704500,862100000,61431715330.50537,61.43171533050537,,,,,,,,,33.652,10.024806,5.4036865,,,,59.45846024408692,Technology,Semiconductors,United States,7042,2024-Q1
MRVL,MARVELL TECHNOLOGY INC,2024-03-01 00:00:00-05:00,2024,1,3,70.48257446289062,73.57513735923257,85.27914744258884,63.10418008192892,374907700,862100000,60763027444.45801,60.76302744445801,,,,,,,,,33.652,10.024806,5.4036865,,,,64.4615341205507,Technology,Semiconductors,United States,7042,2024-Q1
MRVL,MARVELL TECHNOLOGY INC,2024-04-01 00:00:00-04:00,2024,2,4,65.54045867919922,71.0891669038101,75.86225724206201,61.37394879270984,259657800,862100000,56502429427.33765,56.502429427337646,,,,,,,,,33.652,10.024806,5.4036865,,,,67.72691724543438,Technology,Semiconductors,United States,7042,2024-Q2
MRVL,MARVELL TECHNOLOGY INC,2024-05-01 00:00:00-04:00,2024,2,5,68.48170471191406,64.18231575750241,78.06576479268197,63.03780469122229,249658000,862100000,59038077632.14111,59.03807763214111,,,,,,,,,33.652,10.024806,5.4036865,,,,18.118827932996773,Technology,Semiconductors,United States,7042,2024-Q2
MRVL,MARVELL TECHNOLOGY INC,2024-06-01 00:00:00-04:00,2024,2,6,69.56652069091797,69.86508488693289,75.33884533682922,65.78464679742756,217039300,862100000,59973297487.64038,59.97329748764038,,,,,,,,,33.652,10.024806,5.4036865,,,,17.4006625159848,Technology,Semiconductors,United States,7042,2024-Q2
MRVL,MARVELL TECHNOLOGY INC,2024-07-01 00:00:00-04:00,2024,3,7,66.66044616699219,69.71579909522293,76.06535780143344,61.823628503354755,216947800,862100000,57467970640.563965,57.46797064056396,1272900000.0,1272.9,587600000.0,-193300000.0,-96400000.0,254200000.0,11.286819593165992,,33.652,10.024806,5.4036865,,,,3.255545278041816,Technology,Semiconductors,United States,7042,2024-Q3
MRVL,MARVELL TECHNOLOGY INC,2024-08-01 00:00:00-04:00,2024,3,8,75.93939208984375,65.29154673026865,78.68851184672683,52.980276418546495,274401300,862100000,65467349920.6543,65.4673499206543,1272900000.0,1272.9,587600000.0,-193300000.0,-96400000.0,254200000.0,12.857913017647556,,33.652,10.024806,5.4036865,,0.0,,31.38974476457197,Technology,Semiconductors,United States,7042,2024-Q3
MRVL,MARVELL TECHNOLOGY INC,2024-09-01 00:00:00-04:00,2024,3,9,71.83564758300781,74.28594736887511,75.72026456102104,65.27162672144516,231458800,862100000,61929511781.311035,61.929511781311035,1272900000.0,1272.9,587600000.0,-193300000.0,-96400000.0,254200000.0,12.163074825459784,,33.652,10.024806,5.4036865,,0.0,,33.74953141138253,Technology,Semiconductors,United States,7042,2024-Q3
MRVL,MARVELL TECHNOLOGY INC,2024-10-01 00:00:00-04:00,2024,4,10,79.79412841796875,71.74598587880504,85.04334556558125,69.71402864767093,231493800,862100000,68790518109.13086,68.79051810913086,1516100000.0,1516.1,349400000.0,-676300000.0,-344500000.0,-361300000.0,11.343334560571673,,33.652,10.024806,5.4036865,,19.105978474349918,,70.3080681491119,Technology,Semiconductors,United States,7042,2024-Q4
MRVL,MARVELL TECHNOLOGY INC,2024-11-01 00:00:00-04:00,2024,4,11,92.40096282958984,83.93743212148811,95.25204496497715,82.85083477065204,191233900,862100000,79658870055.3894,79.6588700553894,1516100000.0,1516.1,349400000.0,-676300000.0,-344500000.0,-361300000.0,13.1354907419348,,33.652,10.024806,5.4036865,,0.0,19.105978474349918,66.91242622665246,Technology,Semiconductors,United States,7042,2024-Q4
MRVL,MARVELL TECHNOLOGY INC,2024-12-01 00:00:00-05:00,2024,4,12,110.10557556152344,97.0663693169994,125.75662208123777,94.30500287830124,401757900,862100000,94922016691.58936,94.92201669158935,1516100000.0,1516.1,349400000.0,-676300000.0,-344500000.0,-361300000.0,15.652334392782361,,33.652,10.024806,5.4036865,,0.0,19.105978474349918,83.78972177714854,Technology,Semiconductors,United States,7042,2024-Q4
MRVL,MARVELL TECHNOLOGY INC,2025-01-01 00:00:00-05:00,2025,1,1,112.50806427001953,110.30495672360925,127.0824768142761,99.2096590281541,266729300,862100000,96993202207.18384,96.99320220718384,1817400000.0,1817.4,917400000.0,200200000.0,222700000.0,570700000.0,13.342302493560009,,33.652,10.024806,5.4036865,,19.87335927709255,42.77633749705396,67.30009686318921,Technology,Semiconductors,United States,7042,2025-Q1
MRVL,MARVELL TECHNOLOGY INC,2025-02-01 00:00:00-05:00,2025,1,2,91.58014678955078,108.45594640990612,121.49180455159218,85.90500781602866,272349600,862100000,78951244547.27173,78.95124454727173,1817400000.0,1817.4,917400000.0,200200000.0,222700000.0,570700000.0,10.860466125683907,,33.652,10.024806,5.4036865,,0.0,19.87335927709255,28.51870425969796,Technology,Semiconductors,United States,7042,2025-Q1
MRVL,MARVELL TECHNOLOGY INC,2025-03-01 00:00:00-05:00,2025,1,3,61.40916442871094,91.74969843450994,92.63737293721044,59.08525291313087,432096500,862100000,52940840653.9917,52.9408406539917,1817400000.0,1817.4,917400000.0,200200000.0,222700000.0,570700000.0,7.282497063661233,,33.652,10.024806,5.4036865,,0.0,19.87335927709255,-12.873267049796656,Technology,Semiconductors,United States,7042,2025-Q1
MRVL,MARVELL TECHNOLOGY INC,2025-04-01 00:00:00-04:00,2025,2,4,58.21752166748047,61.28947775136789,64.56091214539761,46.96698911034951,429704600,862100000,50189325429.53491,50.18932542953491,1895300000.0,1895.3,952400000.0,177900000.0,258300000.0,600500000.0,6.620234979889056,,33.652,10.024806,5.4036865,,4.286343127544834,25.01154277422333,-11.17315496304705,Technology,Semiconductors,United States,7042,2025-Q2
MRVL,MARVELL TECHNOLOGY INC,2025-05-01 00:00:00-04:00,2025,2,5,60.100975036621094,60.061037093219,67.49002783373193,53.7004558539689,433160200,862100000,51813050579.071045,51.813050579071046,1895300000.0,1895.3,952400000.0,177900000.0,258300000.0,600500000.0,6.834412834257248,,33.652,10.024806,5.4036865,,0.0,4.286343127544834,-12.237910417897258,Technology,Semiconductors,United States,7042,2025-Q2
MRVL,MARVELL TECHNOLOGY INC,2025-06-01 00:00:00-04:00,2025,2,6,77.2855224609375,59.66162630496897,81.00002158534951,59.44195047875597,486552900,862100000,66627848913.57422,66.62784891357421,1895300000.0,1895.3,952400000.0,177900000.0,258300000.0,600500000.0,8.788562353397117,,33.652,10.024806,5.4036865,,0.0,4.286343127544834,11.095857164274214,Technology,Semiconductors,United States,7042,2025-Q2
MRVL,MARVELL TECHNOLOGY INC,2025-07-01 00:00:00-04:00,2025,3,7,80.25112915039062,76.61651360798363,85.14387556801616,67.89942261708633,390426400,862100000,69184498440.55176,69.18449844055176,2006100000.0,2006.1,1010600000.0,194800000.0,298800000.0,617900000.0,8.62176591901597,,33.652,10.024806,5.4036865,,5.846040204716929,10.382964674810168,20.387926821480008,Technology,Semiconductors,United States,7042,2025-Q3
MRVL,MARVELL TECHNOLOGY INC,2025-08-01 00:00:00-04:00,2025,3,8,62.828399658203125,77.01900468823257,80.00702415624012,62.57856507602716,393022800,862100000,54164363345.336914,54.164363345336916,2006100000.0,2006.1,1010600000.0,194800000.0,298800000.0,617900000.0,6.749958046126428,,33.652,10.024806,5.4036865,,0.0,5.846040204716929,-17.265074253068857,Technology,Semiconductors,United States,7042,2025-Q3
MRVL,MARVELL TECHNOLOGY INC,2025-09-01 00:00:00-04:00,2025,3,9,84.01437377929688,61.91900251390457,85.0336955294489,61.399346120630526,542957200,862100000,72428791635.13184,72.42879163513183,2006100000.0,2006.1,1010600000.0,194800000.0,298800000.0,617900000.0,9.026069442591576,,33.652,10.024806,5.4036865,,0.0,5.846040204716929,16.95359700379433,Technology,Semiconductors,United States,7042,2025-Q3
MRVL,MARVELL TECHNOLOGY INC,2025-10-01 00:00:00-04:00,2025,4,10,84.12999725341797,82.4000015258789,94.66000366210938,79.05999755859375,321146933,862100000,72528470632.17163,72.52847063217163,,,,,,,,,33.652,10.024806,5.4036865,,0.0,5.846040204716929,5.433819406783358,Technology,Semiconductors,United States,7042,2025-Q4
