ticker,company_name,date,year,quarter,month,close_price,open_price,high_price,low_price,volume,shares_outstanding,market_cap,market_cap_billions,revenue,revenue_millions,gross_profit,net_income,operating_income,ebitda,ps_ratio,current_pe,forward_pe,current_ps,current_pb,peg_ratio,revenue_qoq_pct,revenue_yoy_pct,market_cap_yoy_pct,user_subscribers_millions,sector,industry,country,employees,year_quarter
MSFT,MICROSOFT CORP,2015-01-01 00:00:00-05:00,2015,1,1,34.501609802246094,39.847649685781846,40.91514994875045,34.45890718552553,918966800,7433087554,256453486414.03986,256.45348641403984,,,,,,,,38.472446,35.02408,13.815078,11.332568,,,,,,Technology,Software - Infrastructure,United States,228000,2015-Q1
MSFT,MICROSOFT CORP,2015-02-01 00:00:00-05:00,2015,1,2,37.44791030883789,34.66387087896686,37.83221107955309,34.3564302623947,656509700,7433087554,278353596039.9312,278.35359603993123,,,,,,,,38.472446,35.02408,13.815078,11.332568,,,,,,Technology,Software - Infrastructure,United States,228000,2015-Q1
MSFT,MICROSOFT CORP,2015-03-01 00:00:00-05:00,2015,1,3,34.97076416015625,37.55959696438223,38.00683782615966,34.867555740034234,824335300,7433087554,259940751832.72668,259.9407518327267,,,,,,,,38.472446,35.02408,13.815078,11.332568,,,,,,Technology,Software - Infrastructure,United States,228000,2015-Q1
MSFT,MICROSOFT CORP,2015-04-01 00:00:00-04:00,2015,2,4,41.83418655395508,34.91915977733629,42.60825793974698,34.506322798559495,874535300,7433087554,310957171405.91766,310.9571714059177,,,,,,,,38.472446,35.02408,13.815078,11.332568,,,,,,Technology,Software - Infrastructure,United States,228000,2015-Q2
MSFT,MICROSOFT CORP,2015-05-01 00:00:00-04:00,2015,2,5,40.30324935913086,41.782584339777316,42.0664083297056,39.5807838198543,633072800,7433087554,299577581197.1141,299.57758119711406,,,,,,,,38.472446,35.02408,13.815078,11.332568,,,,,,Technology,Software - Infrastructure,United States,228000,2015-Q2
MSFT,MICROSOFT CORP,2015-06-01 00:00:00-04:00,2015,2,6,38.21922302246094,40.738315419284056,41.35293857709522,38.037430330244746,664853400,7433087554,284086830971.8047,284.0868309718047,,,,,,,,38.472446,35.02408,13.815078,11.332568,,,,,,Technology,Software - Infrastructure,United States,228000,2015-Q2
MSFT,MICROSOFT CORP,2015-07-01 00:00:00-04:00,2015,3,7,40.426673889160156,38.4875771892215,41.03264181428221,37.50071674369165,725458100,7433087554,300495006535.1331,300.49500653513314,,,,,,,,38.472446,35.02408,13.815078,11.332568,,,,,,Technology,Software - Infrastructure,United States,228000,2015-Q3
MSFT,MICROSOFT CORP,2015-08-01 00:00:00-04:00,2015,3,8,37.673866271972656,40.66907632340814,41.90698164738343,34.38432901129282,776480300,7433087554,280033146497.2603,280.0331464972603,,,,,,,,38.472446,35.02408,13.815078,11.332568,,,,,,Technology,Software - Infrastructure,United States,228000,2015-Q3
MSFT,MICROSOFT CORP,2015-09-01 00:00:00-04:00,2015,3,9,38.56709671020508,36.74592090663563,39.21191635280452,36.30152065054606,673079900,7433087554,286672606550.53973,286.67260655053974,,,,,,,,38.472446,35.02408,13.815078,11.332568,,,,,,Technology,Software - Infrastructure,United States,228000,2015-Q3
MSFT,MICROSOFT CORP,2015-10-01 00:00:00-04:00,2015,4,10,45.869224548339844,38.99406957329596,47.37670438100428,38.12269371690945,856716800,7433087554,340949962101.8962,340.9499621018962,,,,,,,,38.472446,35.02408,13.815078,11.332568,,,,,,Technology,Software - Infrastructure,United States,228000,2015-Q4
MSFT,MICROSOFT CORP,2015-11-01 00:00:00-04:00,2015,4,11,47.35930252075195,46.05223801706198,47.90827054303208,45.77339785553107,662626600,7433087554,352025842133.1222,352.0258421331222,,,,,,,,38.472446,35.02408,13.815078,11.332568,,,,,,Technology,Software - Infrastructure,United States,228000,2015-Q4
MSFT,MICROSOFT CORP,2015-12-01 00:00:00-05:00,2015,4,12,48.669795989990234,47.73113940588552,49.87162672307406,47.0907477496747,792820900,7433087554,361766854828.9155,361.76685482891554,,,,,,,,38.472446,35.02408,13.815078,11.332568,,,,,,Technology,Software - Infrastructure,United States,228000,2015-Q4
MSFT,MICROSOFT CORP,2016-01-01 00:00:00-05:00,2016,1,1,48.32766342163086,47.65218106813233,48.590837538807314,43.072938712788236,927914700,7433087554,359223753493.2254,359.2237534932254,,,,,,,,38.472446,35.02408,13.815078,11.332568,,,,40.07364786348222,,Technology,Software - Infrastructure,United States,228000,2016-Q1
MSFT,MICROSOFT CORP,2016-02-01 00:00:00-05:00,2016,1,2,44.634437561035156,48.14343415097478,48.32765566880103,42.27463521257921,814770900,7433087554,331771682314.7205,331.7716823147205,,,,,,,,38.472446,35.02408,13.815078,11.332568,,,,19.190729717436895,,Technology,Software - Infrastructure,United States,228000,2016-Q1
MSFT,MICROSOFT CORP,2016-03-01 00:00:00-05:00,2016,1,3,48.798343658447266,45.03443158527023,49.16059811471658,44.689848489119825,641110900,7433087554,362722360903.4192,362.7223609034192,,,,,,,,38.472446,35.02408,13.815078,11.332568,,,,39.54039847389264,,Technology,Software - Infrastructure,United States,228000,2016-Q1
MSFT,MICROSOFT CORP,2016-04-01 00:00:00-04:00,2016,2,4,44.06254577636719,48.639325512820605,50.1590294259118,43.60310032891011,699025700,7433087554,327520760607.87024,327.5207606078702,,,,,,,,38.472446,35.02408,13.815078,11.332568,,,,5.326646472587959,,Technology,Software - Infrastructure,United States,228000,2016-Q2
MSFT,MICROSOFT CORP,2016-05-01 00:00:00-04:00,2016,2,5,46.828041076660156,44.17739724213222,46.828041076660156,43.700280543004894,530704800,7433087554,348076929305.12335,348.0769293051234,,,,,,,,38.472446,35.02408,13.815078,11.332568,,,,16.189244840753947,,Technology,Software - Infrastructure,United States,228000,2016-Q2
MSFT,MICROSOFT CORP,2016-06-01 00:00:00-04:00,2016,2,6,45.527374267578125,46.6573290893411,47.1110922115669,42.74252842993778,823627000,7433087554,338408959034.6348,338.40895903463485,,,,,,,,38.472446,35.02408,13.815078,11.332568,,,,19.12166356919993,,Technology,Software - Infrastructure,United States,228000,2016-Q2
MSFT,MICROSOFT CORP,2016-07-01 00:00:00-04:00,2016,3,7,50.42977523803711,45.49178630738633,50.972509774195636,44.83338619941309,647587800,7433087554,374848934672.87103,374.84893467287105,,,,,,,,38.472446,35.02408,13.815078,11.332568,,,,24.74381487901518,,Technology,Software - Infrastructure,United States,228000,2016-Q3
MSFT,MICROSOFT CORP,2016-08-01 00:00:00-04:00,2016,3,8,51.12376022338867,50.35859374764708,52.227024224373785,49.949319761008375,467078900,7433087554,380007385830.1506,380.00738583015055,,,,,,,,38.472446,35.02408,13.815078,11.332568,,,,35.700859195919634,,Technology,Software - Infrastructure,United States,228000,2016-Q3
MSFT,MICROSOFT CORP,2016-09-01 00:00:00-04:00,2016,3,9,51.56774139404297,51.03953000346858,52.09595278461736,49.78614941605584,526427800,7433087554,383307536743.9514,383.3075367439514,,,,,,,,38.472446,35.02408,13.815078,11.332568,,,,33.70916089827898,,Technology,Software - Infrastructure,United States,228000,2016-Q3
MSFT,MICROSOFT CORP,2016-10-01 00:00:00-04:00,2016,4,10,53.644771575927734,51.39763721796317,54.942918473287314,50.42178923748696,614841800,7433087554,398746283938.2014,398.74628393820143,,,,,,,,38.472446,35.02408,13.815078,11.332568,,,,16.951555436463806,,Technology,Software - Infrastructure,United States,228000,2016-Q4
MSFT,MICROSOFT CORP,2016-11-01 00:00:00-04:00,2016,4,11,53.94916534423828,53.689538693428354,54.978730963120775,51.281251429404776,613056800,7433087554,401008869468.9457,401.0088694689457,,,,,,,,38.472446,35.02408,13.815078,11.332568,,,,13.914611222576113,,Technology,Software - Infrastructure,United States,228000,2016-Q4
MSFT,MICROSOFT CORP,2016-12-01 00:00:00-05:00,2016,4,12,56.00809860229492,54.178417673583205,57.774687322310896,52.997685668351686,513579700,7433087554,416313100643.92316,416.3131006439232,,,,,,,,38.472446,35.02408,13.815078,11.332568,,,,15.077734482005912,,Technology,Software - Infrastructure,United States,228000,2016-Q4
MSFT,MICROSOFT CORP,2017-01-01 00:00:00-05:00,2017,1,1,58.27042770385742,56.59396941249549,59.40609455077209,55.836859327308424,493453500,7433087554,433129190931.7994,433.12919093179937,,,,,,,,38.472446,35.02408,13.815078,11.332568,,,,20.573649910366456,,Technology,Software - Infrastructure,United States,228000,2017-Q1
MSFT,MICROSOFT CORP,2017-02-01 00:00:00-05:00,2017,1,2,57.666534423828125,58.00903746903513,58.80219771083228,56.557909674669766,440744000,7433087554,428640399308.0694,428.6403993080694,,,,,,,,38.472446,35.02408,13.815078,11.332568,,,,29.197403563049917,,Technology,Software - Infrastructure,United States,228000,2017-Q1
MSFT,MICROSOFT CORP,2017-03-01 00:00:00-05:00,2017,1,3,59.72090148925781,58.15215932257041,60.02014240424489,57.689700178359836,489169700,7433087554,443910689573.4623,443.91068957346226,,,,,,,,38.472446,35.02408,13.815078,11.332568,,,,22.383050349537402,,Technology,Software - Infrastructure,United States,228000,2017-Q1
MSFT,MICROSOFT CORP,2017-04-01 00:00:00-04:00,2017,2,4,62.07853698730469,59.67555393237211,62.69515142874145,58.805040647677494,433191200,7433087554,461435200650.86316,461.4352006508632,,,,,,,,38.472446,35.02408,13.815078,11.332568,,,,40.8873134620386,,Technology,Software - Infrastructure,United States,228000,2017-Q2
MSFT,MICROSOFT CORP,2017-05-01 00:00:00-04:00,2017,2,5,63.329898834228516,62.278031204618095,64.14600720440664,60.88158064191877,517218500,7433087554,470736682820.7831,470.7366828207831,,,,,,,,38.472446,35.02408,13.815078,11.332568,,,,35.23926557285171,,Technology,Software - Infrastructure,United States,228000,2017-Q2
MSFT,MICROSOFT CORP,2017-06-01 00:00:00-04:00,2017,2,6,62.86299133300781,64.05768689092959,66.47444334263781,62.09692196000109,629716800,7433087554,467266118484.5902,467.2661184845902,,,,,,,,38.472446,35.02408,13.815078,11.332568,,,,38.077348725500904,,Technology,Software - Infrastructure,United States,228000,2017-Q2
MSFT,MICROSOFT CORP,2017-07-01 00:00:00-04:00,2017,3,7,66.3011703491211,63.227791673473746,67.86978243607513,62.03308904936114,469851200,7433087554,492822404137.68585,492.82240413768585,,,,,,,,38.472446,35.02408,13.815078,11.332568,,,,31.472270174055517,,Technology,Software - Infrastructure,United States,228000,2017-Q3
MSFT,MICROSOFT CORP,2017-08-01 00:00:00-04:00,2017,3,8,68.18896484375,66.66595492608272,68.36224383771768,65.0061461688556,444070500,7433087554,506854545900.2217,506.8545459002217,,,,,,,,38.472446,35.02408,13.815078,11.332568,,,,33.380182806964484,,Technology,Software - Infrastructure,United States,228000,2017-Q3
MSFT,MICROSOFT CORP,2017-09-01 00:00:00-04:00,2017,3,9,68.29556274414062,68.49726911550871,69.65249206383066,66.85612099704534,375983900,7433087554,507646897426.89777,507.6468974268978,,,,,,,,38.472446,35.02408,13.815078,11.332568,,,,32.43853792679396,,Technology,Software - Infrastructure,United States,228000,2017-Q3
MSFT,MICROSOFT CORP,2017-10-01 00:00:00-04:00,2017,4,10,76.26292419433594,68.49727068807812,79.03178418727094,67.58042861168309,449950000,7433087554,566868992660.564,566.868992660564,,,,,,,,38.472446,35.02408,13.815078,11.332568,,,,42.16282771638784,,Technology,Software - Infrastructure,United States,228000,2017-Q4
MSFT,MICROSOFT CORP,2017-11-01 00:00:00-04:00,2017,4,11,77.17062377929688,76.72137295809905,77.98661296257458,75.40111765259246,421926000,7433087554,573616003148.3081,573.6160031483081,,,,,,,,38.472446,35.02408,13.815078,11.332568,,,,43.043220941208936,,Technology,Software - Infrastructure,United States,228000,2017-Q4
MSFT,MICROSOFT CORP,2017-12-01 00:00:00-05:00,2017,4,12,78.82054138183594,77.03293276508215,80.62657583697464,74.36073627418365,466203300,7433087554,585879985144.8667,585.8799851448667,,,,,,,,38.472446,35.02408,13.815078,11.332568,,,,40.73061458759517,,Technology,Software - Infrastructure,United States,228000,2017-Q4
MSFT,MICROSOFT CORP,2018-01-01 00:00:00-05:00,2018,1,1,87.546630859375,79.36418172743693,87.95206252468533,78.78367298364888,574258400,7433087554,650741772235.4526,650.7417722354527,,,,,,,,38.472446,35.02408,13.815078,11.332568,,,,50.241956870997086,,Technology,Software - Infrastructure,United States,228000,2018-Q1
MSFT,MICROSOFT CORP,2018-02-01 00:00:00-05:00,2018,1,2,86.404052734375,87.34393229182531,88.52338292620348,77.24487744736192,725663300,7433087554,642248888995.0425,642.2488889950425,,,,,,,,38.472446,35.02408,13.815078,11.332568,,,,49.83396106195066,,Technology,Software - Infrastructure,United States,228000,2018-Q1
MSFT,MICROSOFT CORP,2018-03-01 00:00:00-05:00,2018,1,3,84.4954833984375,87.01359259577262,90.02236142611292,80.6164908477703,750754800,7433087554,628062326018.1394,628.0623260181394,,,,,,,,38.472446,35.02408,13.815078,11.332568,,,,41.483938271822595,,Technology,Software - Infrastructure,United States,228000,2018-Q1
MSFT,MICROSOFT CORP,2018-04-01 00:00:00-04:00,2018,2,4,86.5784683227539,83.75485902486797,90.6333670354583,81.01456608037077,668130700,7433087554,643545335334.2454,643.5453353342454,,,,,,,,38.472446,35.02408,13.815078,11.332568,,,,39.46602565788486,,Technology,Software - Infrastructure,United States,228000,2018-Q2
MSFT,MICROSOFT CORP,2018-05-01 00:00:00-04:00,2018,2,5,91.50359344482422,86.29148297477612,92.56823605898639,85.58789202913208,509417900,7433087554,680154221580.9989,680.1542215809989,,,,,,,,38.472446,35.02408,13.815078,11.332568,,,,44.48719345714225,,Technology,Software - Infrastructure,United States,228000,2018-Q2
MSFT,MICROSOFT CORP,2018-06-01 00:00:00-04:00,2018,2,6,91.68637084960938,92.3093269413471,95.4799065826362,90.43115880236718,602585200,7433087554,681512822033.6599,681.5128220336599,,,,,,,,38.472446,35.02408,13.815078,11.332568,,,,45.85111033599054,,Technology,Software - Infrastructure,United States,228000,2018-Q2
MSFT,MICROSOFT CORP,2018-07-01 00:00:00-04:00,2018,3,7,98.63187408447266,91.21216563133491,103.34589711309806,91.11918828652058,569352300,7433087554,733139355684.9889,733.1393556849889,,,,,,,,38.472446,35.02408,13.815078,11.332568,,,,48.76339824034517,,Technology,Software - Infrastructure,United States,228000,2018-Q3
MSFT,MICROSOFT CORP,2018-08-01 00:00:00-04:00,2018,3,8,104.44306945800781,98.58540324600126,104.86147114727189,97.47895344971334,456628100,7433087554,776334479689.8754,776.3344796898754,,,,,,,,38.472446,35.02408,13.815078,11.332568,,,,53.1671139125391,,Technology,Software - Infrastructure,United States,228000,2018-Q3
MSFT,MICROSOFT CORP,2018-09-01 00:00:00-04:00,2018,3,9,106.74905395507812,103.46360220217723,107.60774882101185,100.08482241025914,480255500,7433087554,793475064354.7656,793.4750643547657,,,,,,,,38.472446,35.02408,13.815078,11.332568,,,,56.3045235530131,,Technology,Software - Infrastructure,United States,228000,2018-Q3
MSFT,MICROSOFT CORP,2018-10-01 00:00:00-04:00,2018,4,10,99.69279479980469,107.10372123173188,108.43843455675879,93.43924704034512,927548000,7433087554,741025272249.9042,741.0252722499042,,,,,,,,38.472446,35.02408,13.815078,11.332568,,,,30.722491765151716,,Technology,Software - Infrastructure,United States,228000,2018-Q4
MSFT,MICROSOFT CORP,2018-11-01 00:00:00-04:00,2018,4,11,103.50092315673828,99.91680224342106,104.76096544279464,92.72988199377673,720228600,7433087554,769331423743.8617,769.3314237438617,,,,,,,,38.472446,35.02408,13.815078,11.332568,,,,34.11958863095936,,Technology,Software - Infrastructure,United States,228000,2018-Q4
MSFT,MICROSOFT CORP,2018-12-01 00:00:00-05:00,2018,4,12,95.21150207519531,105.92596009474362,106.31966548663358,88.0779036595044,944314600,7433087554,707715431072.7794,707.7154310727794,,,,,,,,38.472446,35.02408,13.815078,11.332568,,,,20.795290676773547,,Technology,Software - Infrastructure,United States,228000,2018-Q4
MSFT,MICROSOFT CORP,2019-01-01 00:00:00-05:00,2019,1,1,97.89247131347656,93.31797174683828,101.14524344756391,91.11508077295501,714212800,7433087554,727643310150.5046,727.6433101505046,,,,,,,,38.472446,35.02408,13.815078,11.332568,,,,11.817519820631306,,Technology,Software - Infrastructure,United States,228000,2019-Q1
MSFT,MICROSOFT CORP,2019-02-01 00:00:00-05:00,2019,1,2,105.01668548583984,97.28315281871026,106.15093608547211,95.94267353700334,469095900,7433087554,780598217847.1285,780.5982178471286,,,,,,,,38.472446,35.02408,13.815078,11.332568,,,,21.54138858357044,,Technology,Software - Infrastructure,United States,228000,2019-Q1
MSFT,MICROSOFT CORP,2019-03-01 00:00:00-05:00,2019,1,3,111.02886199951172,106.27478297353161,113.74009492294309,102.42445543768328,589095800,7433087554,825287252263.3541,825.2872522633542,,,,,,,,38.472446,35.02408,13.815078,11.332568,,,,31.40212652072345,,Technology,Software - Infrastructure,United States,228000,2019-Q1
MSFT,MICROSOFT CORP,2019-04-01 00:00:00-04:00,2019,2,4,122.947021484375,111.97968718906664,123.67189017796154,111.17949748175054,433157700,7433087554,913875975196.8784,913.8759751968785,,,,,,,,38.472446,35.02408,13.815078,11.332568,,,,42.00646403912296,,Technology,Software - Infrastructure,United States,228000,2019-Q2
MSFT,MICROSOFT CORP,2019-05-01 00:00:00-04:00,2019,2,5,116.4325180053711,122.8811157471799,122.99407931128094,115.83002172242477,547218800,7433087554,865453100466.6047,865.4531004666047,,,,,,,,38.472446,35.02408,13.815078,11.332568,,,,27.243656365887702,,Technology,Software - Infrastructure,United States,228000,2019-Q2
MSFT,MICROSOFT CORP,2019-06-01 00:00:00-04:00,2019,2,6,126.57694244384766,117.02413662917986,130.77222442278907,112.45089157703404,508324300,7433087554,940857495502.7384,940.8574955027384,,,,,,,,38.472446,35.02408,13.815078,11.332568,,,,38.05426179586531,,Technology,Software - Infrastructure,United States,228000,2019-Q2
MSFT,MICROSOFT CORP,2019-07-01 00:00:00-04:00,2019,3,7,128.75961303710938,129.09977255739022,133.87143509263672,127.24778974301324,484079900,7433087554,957081477123.9939,957.0814771239939,,,,,,,,38.472446,35.02408,13.815078,11.332568,,,,30.545641794085764,,Technology,Software - Infrastructure,United States,228000,2019-Q3
MSFT,MICROSOFT CORP,2019-08-01 00:00:00-04:00,2019,3,8,130.26199340820312,129.4493908161482,133.17224421654365,123.57219834245683,584482000,7433087554,968248801961.7446,968.2488019617447,,,,,,,,38.472446,35.02408,13.815078,11.332568,,,,24.72057177578071,,Technology,Software - Infrastructure,United States,228000,2019-Q3
MSFT,MICROSOFT CORP,2019-09-01 00:00:00-04:00,2019,3,9,131.80494689941406,129.51071016665784,134.97137172733017,127.51983628769223,472544800,7433087554,979717710353.6655,979.7177103536656,,,,,,,,38.472446,35.02408,13.815078,11.332568,,,,23.471770489769316,,Technology,Software - Infrastructure,United States,228000,2019-Q3
MSFT,MICROSOFT CORP,2019-10-01 00:00:00-04:00,2019,4,10,135.91940307617188,132.40221090789603,138.09988052971974,126.29687982429267,549523400,7433087554,1010300823352.6025,1010.3008233526025,,,,,,,,38.472446,35.02408,13.815078,11.332568,,,,36.338241243125594,,Technology,Software - Infrastructure,United States,228000,2019-Q4
MSFT,MICROSOFT CORP,2019-11-01 00:00:00-04:00,2019,4,11,143.5131378173828,136.76313783462592,144.57492939105964,135.54018250178927,392371800,7433087554,1066745718545.8749,1066.745718545875,,,,,,,,38.472446,35.02408,13.815078,11.332568,,,,38.658799786791654,,Technology,Software - Infrastructure,United States,228000,2019-Q4
MSFT,MICROSOFT CORP,2019-12-01 00:00:00-05:00,2019,4,12,150.0134735107422,144.41056111685478,151.773307670381,139.50206341450397,450303300,7433087554,1115063282885.0063,1115.0632828850064,,,,,,,,38.472446,35.02408,13.815078,11.332568,,,,57.55814186427375,,Technology,Software - Infrastructure,United States,228000,2019-Q4
MSFT,MICROSOFT CORP,2020-01-01 00:00:00-05:00,2020,1,1,161.9326629638672,151.04076057714195,165.5664758880142,148.88140061706008,558530000,7433087554,1203659661662.7979,1203.6596616627978,,,,,,,,38.472446,35.02408,13.815078,11.332568,,,,65.41891402998465,,Technology,Software - Infrastructure,United States,228000,2020-Q1
MSFT,MICROSOFT CORP,2020-02-01 00:00:00-05:00,2020,1,2,154.11338806152344,162.12298308211479,181.40499740450093,144.5912954732132,887522300,7433087554,1145538306704.882,1145.5383067048822,,,,,,,,38.472446,35.02408,13.815078,11.332568,,,,46.75133513169549,,Technology,Software - Infrastructure,United States,228000,2020-Q1
MSFT,MICROSOFT CORP,2020-03-01 00:00:00-05:00,2020,1,3,150.4327392578125,157.68204109305225,166.92491439607812,126.40508782256256,1612695500,7433087554,1118179721891.3733,1118.1797218913732,,,,,,,,38.472446,35.02408,13.815078,11.332568,,,,35.489760543951235,,Technology,Software - Infrastructure,United States,228000,2020-Q1
MSFT,MICROSOFT CORP,2020-04-01 00:00:00-04:00,2020,2,4,170.94064331054688,145.94005606099836,172.07572040952087,143.42187528370232,984705000,7433087554,1270616768264.3794,1270.6167682643793,,,,,,,,38.472446,35.02408,13.815078,11.332568,,,,39.03601831645125,,Technology,Software - Infrastructure,United States,228000,2020-Q2
MSFT,MICROSOFT CORP,2020-05-01 00:00:00-04:00,2020,2,5,174.7942352294922,167.68800593055607,178.85765941450842,165.780292585623,688845000,7433087554,1299260854395.2866,1299.2608543952865,,,,,,,,38.472446,35.02408,13.815078,11.332568,,,,50.12492920700111,,Technology,Software - Infrastructure,United States,228000,2020-Q2
MSFT,MICROSOFT CORP,2020-06-01 00:00:00-04:00,2020,2,6,194.6599884033203,174.6019062224839,195.51128453394895,173.46366781935436,764965400,7433087554,1446924737062.5046,1446.9247370625046,,,,,,,,38.472446,35.02408,13.815078,11.332568,,,,53.78787371931961,,Technology,Software - Infrastructure,United States,228000,2020-Q2
MSFT,MICROSOFT CORP,2020-07-01 00:00:00-04:00,2020,3,7,196.09475708007812,194.30608214680024,206.97032160091297,188.92090840192725,770190800,7433087554,1457589498256.582,1457.589498256582,,,,,,,,38.472446,35.02408,13.815078,11.332568,,,,52.29523641358125,,Technology,Software - Infrastructure,United States,228000,2020-Q3
MSFT,MICROSOFT CORP,2020-08-01 00:00:00-04:00,2020,3,8,215.72239685058594,202.32165366237808,221.09799576660726,194.30606926684501,692423900,7433087554,1603483463149.1392,1603.4834631491392,,,,,,,,38.472446,35.02408,13.815078,11.332568,,,,65.60655276829277,,Technology,Software - Infrastructure,United States,228000,2020-Q3
MSFT,MICROSOFT CORP,2020-09-01 00:00:00-04:00,2020,3,9,201.6697540283203,216.2247170028155,223.27208975087106,188.16949024632356,768176300,7433087554,1499028938686.1492,1499.028938686149,,,,,,,,38.472446,35.02408,13.815078,11.332568,,,,53.00621014036982,,Technology,Software - Infrastructure,United States,228000,2020-Q3
MSFT,MICROSOFT CORP,2020-10-01 00:00:00-04:00,2020,4,10,194.13339233398438,204.69965301482387,215.93708859251916,191.40073391687426,631618000,7433087554,1443010502373.5383,1443.0105023735384,,,,,,,,38.472446,35.02408,13.815078,11.332568,,,,42.8297858438859,,Technology,Software - Infrastructure,United States,228000,2020-Q4
MSFT,MICROSOFT CORP,2020-11-01 00:00:00-04:00,2020,4,11,205.25576782226562,195.87844161112778,218.7272534749547,191.88014130421936,573443000,7433087554,1525684093186.3962,1525.6840931863962,,,,,,,,38.472446,35.02408,13.815078,11.332568,,,,43.02228419216148,,Technology,Software - Infrastructure,United States,228000,2020-Q4
MSFT,MICROSOFT CORP,2020-12-01 00:00:00-05:00,2020,4,12,213.82028198242188,206.21611316919527,218.39623457690644,201.02490632109243,594761700,7433087554,1589344876796.3105,1589.3448767963105,,,,,,,,38.472446,35.02408,13.815078,11.332568,,,,42.53405176109772,,Technology,Software - Infrastructure,United States,228000,2020-Q4
MSFT,MICROSOFT CORP,2021-01-01 00:00:00-05:00,2021,1,1,222.9914093017578,213.92600708502783,233.25846633388946,203.74546673524387,648076400,7433087554,1657514669129.816,1657.514669129816,,,,,,,,38.472446,35.02408,13.815078,11.332568,,,,37.70625716907712,,Technology,Software - Infrastructure,United States,228000,2021-Q1
MSFT,MICROSOFT CORP,2021-02-01 00:00:00-05:00,2021,1,2,223.39517211914062,225.97154449414813,236.6135366603894,219.06916190564104,490962200,7433087554,1660515873502.472,1660.515873502472,,,,,,,,38.472446,35.02408,13.815078,11.332568,,,,44.95507167096948,,Technology,Software - Infrastructure,United States,228000,2021-Q1
MSFT,MICROSOFT CORP,2021-03-01 00:00:00-05:00,2021,1,3,227.17611694335938,227.30136840662203,232.26365818444185,216.08565048388084,724945800,7433087554,1688619967417.7332,1688.619967417733,,,,,,,,38.472446,35.02408,13.815078,11.332568,,,,51.01507694679657,,Technology,Software - Infrastructure,United States,228000,2021-Q1
MSFT,MICROSOFT CORP,2021-04-01 00:00:00-04:00,2021,2,4,242.98797607421875,229.77771684502096,253.59666854470404,229.37302770238105,568661600,7433087554,1806150900728.9253,1806.1509007289253,,,,,,,,38.472446,35.02408,13.815078,11.332568,,,,42.14757319754783,,Technology,Software - Infrastructure,United States,228000,2021-Q2
MSFT,MICROSOFT CORP,2021-05-01 00:00:00-04:00,2021,2,5,240.57908630371094,244.163492427463,245.07887642077213,229.39228820289014,495084900,7433087554,1788245412156.8057,1788.2454121568057,,,,,,,,38.472446,35.02408,13.815078,11.332568,,,,37.635595354645424,,Technology,Software - Infrastructure,United States,228000,2021-Q2
MSFT,MICROSOFT CORP,2021-06-01 00:00:00-04:00,2021,2,6,261.6283874511719,242.6315989016855,262.3527185512433,234.683276423137,508572200,7433087554,1944706710536.3955,1944.7067105363956,,,,,,,,38.472446,35.02408,13.815078,11.332568,,,,34.402755079332614,,Technology,Software - Infrastructure,United States,228000,2021-Q2
MSFT,MICROSOFT CORP,2021-07-01 00:00:00-04:00,2021,3,7,275.1588134765625,260.3824460960315,280.21946237265865,260.3728083928387,522672700,7433087554,2045279551826.0442,2045.279551826044,,,,,,,,38.472446,35.02408,13.815078,11.332568,,,,40.3193117316224,,Technology,Software - Infrastructure,United States,228000,2021-Q3
MSFT,MICROSOFT CORP,2021-08-01 00:00:00-04:00,2021,3,8,291.54803466796875,276.5591943368546,295.37249374891434,274.0288696551911,441308900,7433087554,2167102067883.6392,2167.102067883639,,,,,,,,38.472446,35.02408,13.815078,11.332568,,,,35.14963625677743,,Technology,Software - Infrastructure,United States,228000,2021-Q3
MSFT,MICROSOFT CORP,2021-09-01 00:00:00-04:00,2021,3,9,272.7924499511719,293.06414603266717,295.43483559188024,272.5021451623447,502918700,7433087554,2027690164557.2236,2027.6901645572236,,,,,,,,38.472446,35.02408,13.815078,11.332568,,,,35.26691261440418,,Technology,Software - Infrastructure,United States,228000,2021-Q3
MSFT,MICROSOFT CORP,2021-10-01 00:00:00-04:00,2021,4,10,320.8832702636719,272.9859115038698,321.25097188392533,271.1764604532231,516515800,7433087554,2385153442483.718,2385.1534424837178,,,,,,,,38.472446,35.02408,13.815078,11.332568,,,,65.29009584895564,,Technology,Software - Infrastructure,United States,228000,2021-Q4
MSFT,MICROSOFT CORP,2021-11-01 00:00:00-04:00,2021,4,11,319.88665771484375,320.63171719876385,338.3489311158029,315.80328525652067,509885200,7433087554,2377745534150.8633,2377.7455341508635,,,,,,,,38.472446,35.02408,13.815078,11.332568,,,,55.847828837550104,,Technology,Software - Infrastructure,United States,228000,2021-Q4
MSFT,MICROSOFT CORP,2021-12-01 00:00:00-05:00,2021,4,12,326.0265808105469,324.8729996417826,333.76232560866544,307.54023105867645,625674800,7433087554,2423384120096.0513,2423.3841200960514,,,,,,,,38.472446,35.02408,13.815078,11.332568,,,,52.47692023778616,,Technology,Software - Infrastructure,United States,228000,2021-Q4
MSFT,MICROSOFT CORP,2022-01-01 00:00:00-05:00,2022,1,1,301.462158203125,325.08628536205657,327.65517355755674,267.60120313865855,947531400,7433087554,2240794616141.6274,2240.7946161416276,,,,,,,,38.472446,35.02408,13.815078,11.332568,,,,35.190032273924274,,Technology,Software - Infrastructure,United States,228000,2022-Q1
MSFT,MICROSOFT CORP,2022-02-01 00:00:00-05:00,2022,1,2,289.6451721191406,300.90952296585016,305.4753593280814,263.2097851418893,697050600,7433087554,2152957923954.972,2152.957923954972,,,,,,,,38.472446,35.02408,13.815078,11.332568,,,,29.655967661050298,,Technology,Software - Infrastructure,United States,228000,2022-Q1
MSFT,MICROSOFT CORP,2022-03-01 00:00:00-05:00,2022,1,3,299.4917907714844,287.9224341073944,306.91328759837876,262.2775263488916,734334200,7433087554,2226148702508.6924,2226.148702508692,,,,,,,,38.472446,35.02408,13.815078,11.332568,,,,31.832427986325285,,Technology,Software - Infrastructure,United States,228000,2022-Q1
MSFT,MICROSOFT CORP,2022-04-01 00:00:00-04:00,2022,2,4,269.58245849609375,300.52150176651685,306.09731879009763,262.2775536012272,627343400,7433087554,2003830017024.0361,2003.8300170240361,,,,,,,,38.472446,35.02408,13.815078,11.332568,,,,10.94477300957144,,Technology,Software - Infrastructure,United States,228000,2022-Q2
MSFT,MICROSOFT CORP,2022-05-01 00:00:00-04:00,2022,2,5,264.09405517578125,269.7670177784416,282.5603466316335,239.39140313820482,742902000,7433087554,1963034234612.4888,1963.0342346124887,,,,,,,,38.472446,35.02408,13.815078,11.332568,,,,9.774319635741158,,Technology,Software - Infrastructure,United States,228000,2022-Q2
MSFT,MICROSOFT CORP,2022-06-01 00:00:00-04:00,2022,2,6,250.06529235839844,267.95146636906594,270.37587227368306,235.14881649862934,621372300,7433087554,1858757212316.5828,1858.7572123165828,,,,,,,,38.472446,35.02408,13.815078,11.332568,,,,-4.419663785502436,,Technology,Software - Infrastructure,United States,228000,2022-Q2
MSFT,MICROSOFT CORP,2022-07-01 00:00:00-04:00,2022,3,7,273.3454895019531,249.63687574036547,274.5723114658439,239.46210975975958,534891800,7433087554,2031800955959.0054,2031.8009559590055,,,,,,,,38.472446,35.02408,13.815078,11.332568,,,,-0.659009955631984,,Technology,Software - Infrastructure,United States,228000,2022-Q3
MSFT,MICROSOFT CORP,2022-08-01 00:00:00-04:00,2022,3,8,254.5831298828125,270.50249236418045,286.43157124968576,253.79446689011158,477157600,7433087554,1892338694190.299,1892.338694190299,,,,,,,,38.472446,35.02408,13.815078,11.332568,,,,-12.678838609649334,,Technology,Software - Infrastructure,United States,228000,2022-Q3
MSFT,MICROSOFT CORP,2022-09-01 00:00:00-04:00,2022,3,9,227.24693298339844,252.58657781654924,260.95833659589357,227.0810610919514,575586600,7433087554,1689146349243.571,1689.146349243571,,,,,,,,38.472446,35.02408,13.815078,11.332568,,,,-16.696032817596606,,Technology,Software - Infrastructure,United States,228000,2022-Q3
MSFT,MICROSOFT CORP,2022-10-01 00:00:00-04:00,2022,4,10,226.49562072753906,229.69600561478128,244.94661573580103,213.8111637098241,671225100,7433087554,1683561779465.375,1683.561779465375,,,,,,,,38.472446,35.02408,13.815078,11.332568,,,,-29.414948762699243,,Technology,Software - Infrastructure,United States,228000,2022-Q4
MSFT,MICROSOFT CORP,2022-11-01 00:00:00-04:00,2022,4,11,248.94712829589844,228.905690826148,249.13251891387463,208.24952534277574,615296000,7433087554,1850445800940.284,1850.445800940284,,,,,,,,38.472446,35.02408,13.815078,11.332568,,,,-22.176457725905806,,Technology,Software - Infrastructure,United States,228000,2022-Q4
MSFT,MICROSOFT CORP,2022-12-01 00:00:00-05:00,2022,4,12,234.65841674804688,248.4060099018166,258.2397239916237,228.83646527822677,591358700,7433087554,1744236556971.2524,1744.2365569712524,,,,,,,,38.472446,35.02408,13.815078,11.332568,,,,-28.024759157779766,,Technology,Software - Infrastructure,United States,228000,2022-Q4
MSFT,MICROSOFT CORP,2023-01-01 00:00:00-05:00,2023,1,1,242.47645568847656,237.84826227120283,244.45298400164964,214.62900027933802,666168100,7433087554,1802348724916.0476,1802.3487249160476,,,,,,,,38.472446,35.02408,13.815078,11.332568,,,,-19.56653626652003,,Technology,Software - Infrastructure,United States,228000,2023-Q1
MSFT,MICROSOFT CORP,2023-02-01 00:00:00-05:00,2023,1,2,244.0518035888672,242.66236763037097,270.8033840126256,240.18682128405595,615501000,7433087554,1814058423787.6611,1814.0584237876612,,,,,,,,38.472446,35.02408,13.815078,11.332568,,,,-15.741111166016397,,Technology,Software - Infrastructure,United States,228000,2023-Q1
MSFT,MICROSOFT CORP,2023-03-01 00:00:00-05:00,2023,1,3,282.801513671875,245.9774853192477,283.7530149729274,240.9257124056374,747635000,7433087554,2102088411526.775,2102.088411526775,,,,,,,,38.472446,35.02408,13.815078,11.332568,,,,-5.572866306824487,,Technology,Software - Infrastructure,United States,228000,2023-Q1
MSFT,MICROSOFT CORP,2023-04-01 00:00:00-04:00,2023,2,4,301.39996337890625,281.0554951876676,303.038096464785,270.11815337530857,551520000,7433087554,2240332316567.8037,2240.332316567804,,,,,,,,38.472446,35.02408,13.815078,11.332568,,,,11.80251306420721,,Technology,Software - Infrastructure,United States,228000,2023-Q2
MSFT,MICROSOFT CORP,2023-05-01 00:00:00-04:00,2023,2,5,322.126953125,301.11546266065227,329.53294738607286,297.61354259400326,600856900,7433087554,2394397846081.379,2394.3978460813787,,,,,,,,38.472446,35.02408,13.815078,11.332568,,,,21.974329528391713,,Technology,Software - Infrastructure,United States,228000,2023-Q2
MSFT,MICROSOFT CORP,2023-06-01 00:00:00-04:00,2023,2,6,334.7754821777344,320.412778869789,345.52045626717705,317.04084775130696,547702200,7433087554,2488415469959.666,2488.415469959666,,,,,,,,38.472446,35.02408,13.815078,11.332568,,,,33.87522875342797,,Technology,Software - Infrastructure,United States,228000,2023-Q2
MSFT,MICROSOFT CORP,2023-07-01 00:00:00-04:00,2023,3,7,330.233642578125,333.4482780270713,360.5712377352722,321.46462493005856,666746800,7433087554,2454655578559.5454,2454.6555785595456,,,,,,,,38.472446,35.02408,13.815078,11.332568,,,,20.811813350139595,,Technology,Software - Infrastructure,United States,228000,2023-Q3
MSFT,MICROSOFT CORP,2023-08-01 00:00:00-04:00,2023,3,8,322.2118225097656,329.5160433114724,332.80934188320623,306.2761971524567,479476200,7433087554,2395028687648.996,2395.0286876489963,,,,,,,,38.472446,35.02408,13.815078,11.332568,,,,26.564483144693597,,Technology,Software - Infrastructure,United States,228000,2023-Q3
MSFT,MICROSOFT CORP,2023-09-01 00:00:00-04:00,2023,3,9,311.06231689453125,326.39130784132277,335.79951474297076,304.8558598896599,416742300,7433087554,2312153436227.144,2312.153436227144,,,,,,,,38.472446,35.02408,13.815078,11.332568,,,,36.88295494718776,,Technology,Software - Infrastructure,United States,228000,2023-Q3
MSFT,MICROSOFT CORP,2023-10-01 00:00:00-04:00,2023,4,10,333.0903625488281,311.5844666663645,341.0602838616102,306.58972930008036,540950200,7433087554,2475889828219.042,2475.889828219042,,,,,,,,38.472446,35.02408,13.815078,11.332568,,,,47.0626061020033,,Technology,Software - Infrastructure,United States,228000,2023-Q4
MSFT,MICROSOFT CORP,2023-11-01 00:00:00-04:00,2023,4,11,373.2846374511719,334.74542483267106,378.59460090610776,334.6074888669412,563894000,7433087554,2774657392737.708,2774.657392737708,,,,,,,,38.472446,35.02408,13.815078,11.332568,,,,49.94534783606177,,Technology,Software - Infrastructure,United States,228000,2023-Q4
MSFT,MICROSOFT CORP,2023-12-01 00:00:00-05:00,2023,4,12,371.2091369628906,371.9198885469671,373.30189714780244,358.23792808487696,522081700,7433087554,2759230015889.944,2759.230015889944,,,,,,,,38.472446,35.02408,13.815078,11.332568,,,,58.19127313104584,,Technology,Software - Infrastructure,United States,228000,2023-Q4
MSFT,MICROSOFT CORP,2024-01-01 00:00:00-05:00,2024,1,1,392.4723815917969,369.0571049559907,409.98450098702557,361.7916713905026,528491200,7433087554,2917281574898.724,2917.281574898724,,,,,,,,38.472446,35.02408,13.815078,11.332568,,,,61.859996046803275,,Technology,Software - Infrastructure,United States,228000,2024-Q1
MSFT,MICROSOFT CORP,2024-02-01 00:00:00-05:00,2024,1,2,408.32611083984375,396.66780249810546,415.4138643968881,392.1170401855375,444091200,7433087554,3035123732456.867,3035.1237324568674,,,,,,,,38.472446,35.02408,13.815078,11.332568,,,,67.3112449222933,,Technology,Software - Infrastructure,United States,228000,2024-Q1
MSFT,MICROSOFT CORP,2024-03-01 00:00:00-05:00,2024,1,3,416.08319091796875,406.7373285346573,426.07188352979733,393.9993060558614,426445300,7433087554,3092782787840.9595,3092.7827878409594,,,,,,,,38.472446,35.02408,13.815078,11.332568,,,,47.12905370115379,,Technology,Software - Infrastructure,United States,228000,2024-Q1
MSFT,MICROSOFT CORP,2024-04-01 00:00:00-04:00,2024,2,4,385.0390930175781,419.2775635448957,424.63781160148864,383.753432683152,441083800,7433087554,2862029290112.408,2862.029290112408,64727000000.0,64727.0,45043000000.0,22036000000.0,27925000000.0,34331000000.0,11.054232739476603,38.472446,35.02408,13.815078,11.332568,,,,27.750212276411123,,Technology,Software - Infrastructure,United States,228000,2024-Q2
MSFT,MICROSOFT CORP,2024-05-01 00:00:00-04:00,2024,2,5,410.5547790527344,388.28295689060093,428.82121891754275,386.00831769550626,413780000,7433087554,3051689618412.0996,3051.6896184120997,64727000000.0,64727.0,45043000000.0,22036000000.0,27925000000.0,34331000000.0,11.7867722063903,38.472446,35.02408,13.815078,11.332568,,0.0,,27.451234697960935,,Technology,Software - Infrastructure,United States,228000,2024-Q2
MSFT,MICROSOFT CORP,2024-06-01 00:00:00-04:00,2024,2,6,442.8213806152344,411.6916047006659,451.9562135010532,405.1426780661823,341717100,7433087554,3291530092896.1953,3291.530092896195,64727000000.0,64727.0,45043000000.0,22036000000.0,27925000000.0,34331000000.0,12.713126256802399,38.472446,35.02408,13.815078,11.332568,,0.0,,32.27413720223926,,Technology,Software - Infrastructure,United States,228000,2024-Q2
MSFT,MICROSOFT CORP,2024-07-01 00:00:00-04:00,2024,3,7,414.4855651855469,444.5155790150141,464.0236982246781,408.4022679352166,440449200,7433087554,3080907495893.344,3080.9074958933443,65585000000.0,65585.0,45486000000.0,24667000000.0,30552000000.0,38234000000.0,11.743948676882459,38.472446,35.02408,13.815078,11.332568,,1.3255673830086412,,25.51282236106214,82.5,Technology,Software - Infrastructure,United States,228000,2024-Q3
MSFT,MICROSOFT CORP,2024-08-01 00:00:00-04:00,2024,3,8,413.2867431640625,416.903020761689,423.5113906545215,382.018246353081,451919000,7433087554,3071996546845.9873,3071.9965468459873,65585000000.0,65585.0,45486000000.0,24667000000.0,30552000000.0,38234000000.0,11.709981500518364,38.472446,35.02408,13.815078,11.332568,,0.0,1.3255673830086412,28.265542817422997,82.5,Technology,Software - Infrastructure,United States,228000,2024-Q3
MSFT,MICROSOFT CORP,2024-09-01 00:00:00-04:00,2024,3,9,427.09356689453125,414.7959078977075,438.5575191554874,397.8133889237836,376898100,7433087554,3174623876477.2065,3174.6238764772065,65585000000.0,65585.0,45486000000.0,24667000000.0,30552000000.0,38234000000.0,12.101181201788544,38.472446,35.02408,13.815078,11.332568,,0.0,1.3255673830086412,37.3016092590031,82.5,Technology,Software - Infrastructure,United States,228000,2024-Q3
MSFT,MICROSOFT CORP,2024-10-01 00:00:00-04:00,2024,4,10,403.32208251953125,425.257410073319,435.23251022115426,403.2724369212272,440745500,7433087554,2997928351829.2886,2997.9283518292887,69632000000.0,69632.0,47833000000.0,24108000000.0,31653000000.0,36786000000.0,10.763472081188565,38.472446,35.02408,13.815078,11.332568,,6.170618281619267,7.577981367899023,21.084885024377662,,Technology,Software - Infrastructure,United States,228000,2024-Q4
MSFT,MICROSOFT CORP,2024-11-01 00:00:00-04:00,2024,4,11,420.3045654296875,405.9622582530795,426.1308200855907,402.54788910277523,442306200,7433087554,3124160634184.789,3124.160634184789,69632000000.0,69632.0,47833000000.0,24108000000.0,31653000000.0,36786000000.0,11.216684262209863,38.472446,35.02408,13.815078,11.332568,,0.0,6.170618281619267,12.596266564724656,,Technology,Software - Infrastructure,United States,228000,2024-Q4
MSFT,MICROSOFT CORP,2024-12-01 00:00:00-05:00,2024,4,12,419.1965637207031,419.26618846506324,453.667155496986,418.36115784079396,439902400,7433087554,3115924760471.9263,3115.924760471926,69632000000.0,69632.0,47833000000.0,24108000000.0,31653000000.0,36786000000.0,11.18711497756752,38.472446,35.02408,13.815078,11.332568,,0.0,6.170618281619267,12.927329092820727,,Technology,Software - Infrastructure,United States,228000,2024-Q4
MSFT,MICROSOFT CORP,2025-01-01 00:00:00-05:00,2025,1,1,412.791748046875,423.20453205730433,445.92966581587723,408.475469230866,462501200,7433087554,3068317204801.1304,3068.31720480113,70066000000.0,70066.0,48147000000.0,25824000000.0,32000000000.0,40711000000.0,10.947953375392952,38.472446,35.02408,13.815078,11.332568,,0.6232766544117752,6.832354959213238,5.177272951708467,,Technology,Software - Infrastructure,United States,228000,2025-Q1
MSFT,MICROSOFT CORP,2025-02-01 00:00:00-05:00,2025,1,2,394.82049560546875,409.35066978656675,417.01852721947256,384.45745644077954,432448900,7433087554,2934735311949.1216,2934.7353119491218,70066000000.0,70066.0,48147000000.0,25824000000.0,32000000000.0,40711000000.0,10.471324579500477,38.472446,35.02408,13.815078,11.332568,,0.0,0.6232766544117752,-3.307556111608123,,Technology,Software - Infrastructure,United States,228000,2025-Q1
MSFT,MICROSOFT CORP,2025-03-01 00:00:00-05:00,2025,1,3,374.087158203125,397.4358330074124,400.75426228113736,365.96541986866765,491786600,7433087554,2780622599750.8774,2780.6225997508773,70066000000.0,70066.0,48147000000.0,25824000000.0,32000000000.0,40711000000.0,9.92144049806924,38.472446,35.02408,13.815078,11.332568,,0.0,0.6232766544117752,-10.093181755838664,,Technology,Software - Infrastructure,United States,228000,2025-Q1
MSFT,MICROSOFT CORP,2025-04-01 00:00:00-04:00,2025,2,4,393.88818359375,373.34969876360526,395.2833185411371,343.5933482559051,563144100,7433087554,2927805355138.37,2927.80535513837,76441000000.0,76441.0,52427000000.0,27233000000.0,34323000000.0,44434000000.0,9.575376287392794,38.472446,35.02408,13.815078,11.332568,,9.098564210886884,9.778550091911775,2.2982317215690884,,Technology,Software - Infrastructure,United States,228000,2025-Q2
MSFT,MICROSOFT CORP,2025-05-01 00:00:00-04:00,2025,2,5,458.7622375488281,429.61375402444946,460.9147445969509,423.42531526838525,476942400,7433087554,3410019878169.3857,3410.0198781693857,76441000000.0,76441.0,52427000000.0,27233000000.0,34323000000.0,44434000000.0,11.152457052397882,38.472446,35.02408,13.815078,11.332568,,0.0,9.098564210886884,11.742028337198263,,Technology,Software - Infrastructure,United States,228000,2025-Q2
MSFT,MICROSOFT CORP,2025-06-01 00:00:00-04:00,2025,2,6,496.5936584472656,456.38976020899247,499.9381665482639,456.14017050694025,401255100,7433087554,3691224141999.6973,3691.224141999697,76441000000.0,76441.0,52427000000.0,27233000000.0,34323000000.0,44434000000.0,12.072134528589688,38.472446,35.02408,13.815078,11.332568,,0.0,9.098564210886884,12.143107850240376,,Technology,Software - Infrastructure,United States,228000,2025-Q2
MSFT,MICROSOFT CORP,2025-07-01 00:00:00-04:00,2025,3,7,532.6243896484375,495.6551665959438,554.5383762548963,487.8979301273739,396881900,7433087554,3959043721652.6475,3959.0437216526475,,,,,,,,38.472446,35.02408,13.815078,11.332568,,0.0,9.098564210886884,28.502518395304087,,Technology,Software - Infrastructure,United States,228000,2025-Q3
MSFT,MICROSOFT CORP,2025-08-01 00:00:00-04:00,2025,3,8,505.8584289550781,534.1219644890526,537.3666306284722,497.69186118406066,454888500,7433087554,3760089992351.9844,3760.089992351984,,,,,,,,38.472446,35.02408,13.815078,11.332568,,0.0,0.0,22.398900357243612,,Technology,Software - Infrastructure,United States,228000,2025-Q3
MSFT,MICROSOFT CORP,2025-09-01 00:00:00-04:00,2025,3,9,517.9500122070312,500.4700012207031,519.2999877929688,492.3699951171875,424025500,7433087554,3849967789330.232,3849.967789330232,,,,,,,,38.472446,35.02408,13.815078,11.332568,,0.0,0.0,21.27319453044738,,Technology,Software - Infrastructure,United States,228000,2025-Q3
MSFT,MICROSOFT CORP,2025-10-01 00:00:00-04:00,2025,4,10,523.6099853515625,514.7999877929688,531.030029296875,506.0,324001093,7433087554,3892038865266.8213,3892.038865266821,,,,,,,,38.472446,35.02408,13.815078,11.332568,,0.0,0.0,29.824278918872782,,Technology,Software - Infrastructure,United States,228000,2025-Q4
