ticker,company_name,date,year,quarter,month,close_price,open_price,high_price,low_price,volume,shares_outstanding,market_cap,market_cap_billions,revenue,revenue_millions,gross_profit,net_income,operating_income,ebitda,ps_ratio,current_pe,forward_pe,current_ps,current_pb,peg_ratio,revenue_qoq_pct,revenue_yoy_pct,market_cap_yoy_pct,sector,industry,country,employees,year_quarter
MU,MICRON TECHNOLOGY INC,2015-01-01 00:00:00-05:00,2015,1,1,28.5701847076416,34.39744931006128,34.670753605152406,27.82835530629478,610506500,1122466035,32069061948.004105,32.069061948004105,,,,,,,,25.894596,15.271173,5.9021206,4.071258,,,,,Technology,Semiconductors,United States,53000,2015-Q1
MU,MICRON TECHNOLOGY INC,2015-02-01 00:00:00-05:00,2015,1,2,29.93671226501465,28.550662914034422,32.05482989584191,27.418397456810677,434426600,1122466035,33602942717.04686,33.60294271704686,,,,,,,,25.894596,15.271173,5.9021206,4.071258,,,,,Technology,Semiconductors,United States,53000,2015-Q1
MU,MICRON TECHNOLOGY INC,2015-03-01 00:00:00-05:00,2015,1,3,26.481346130371094,30.336906051283155,30.746864316641535,24.997689330653536,544654100,1122466035,29724411592.420235,29.724411592420235,,,,,,,,25.894596,15.271173,5.9021206,4.071258,,,,,Technology,Semiconductors,United States,53000,2015-Q1
MU,MICRON TECHNOLOGY INC,2015-04-01 00:00:00-04:00,2015,2,4,27.457441329956055,26.48135024751296,29.06799310538396,25.768804204148537,436295800,1122466035,30820045300.880898,30.8200453008809,,,,,,,,25.894596,15.271173,5.9021206,4.071258,,,,,Technology,Semiconductors,United States,53000,2015-Q2
MU,MICRON TECHNOLOGY INC,2015-05-01 00:00:00-04:00,2015,2,5,27.262224197387695,27.633137989097126,28.550664126767593,25.388129246904395,429768300,1122466035,30600920700.122826,30.600920700122824,,,,,,,,25.894596,15.271173,5.9021206,4.071258,,,,,Technology,Semiconductors,United States,53000,2015-Q2
MU,MICRON TECHNOLOGY INC,2015-06-01 00:00:00-04:00,2015,2,6,18.389551162719727,27.29149838158994,27.84787171179663,18.106483931820947,703906000,1122466035,20641646579.047653,20.641646579047652,,,,,,,,25.894596,15.271173,5.9021206,4.071258,,,,,Technology,Semiconductors,United States,53000,2015-Q2
MU,MICRON TECHNOLOGY INC,2015-07-01 00:00:00-04:00,2015,3,7,18.067445755004883,18.594533959617763,20.078192818539705,16.730200182822852,864703900,1122466035,20280094199.197914,20.280094199197915,,,,,,,,25.894596,15.271173,5.9021206,4.071258,,,,,Technology,Semiconductors,United States,53000,2015-Q3
MU,MICRON TECHNOLOGY INC,2015-08-01 00:00:00-04:00,2015,3,8,16.017656326293945,18.16505769533819,19.00449485523139,13.177231103939924,699121500,1122466035,17979275186.567833,17.979275186567833,,,,,,,,25.894596,15.271173,5.9021206,4.071258,,,,,Technology,Semiconductors,United States,53000,2015-Q3
MU,MICRON TECHNOLOGY INC,2015-09-01 00:00:00-04:00,2015,3,9,14.621844291687012,15.422239629992744,17.540356469354464,13.587188242694431,541386300,1122466035,16412523586.477303,16.412523586477302,,,,,,,,25.894596,15.271173,5.9021206,4.071258,,,,,Technology,Semiconductors,United States,53000,2015-Q3
MU,MICRON TECHNOLOGY INC,2015-10-01 00:00:00-04:00,2015,4,10,16.164060592651367,14.631598574776618,18.838548741959073,14.15331438116728,697300400,1122466035,18143609002.93313,18.14360900293313,,,,,,,,25.894596,15.271173,5.9021206,4.071258,,,,,Technology,Semiconductors,United States,53000,2015-Q4
MU,MICRON TECHNOLOGY INC,2015-11-01 00:00:00-04:00,2015,4,11,15.549132347106934,16.554505042011534,17.618444546485314,14.299735002489674,370952400,1122466035,17453372933.347363,17.453372933347364,,,,,,,,25.894596,15.271173,5.9021206,4.071258,,,,,Technology,Semiconductors,United States,53000,2015-Q4
MU,MICRON TECHNOLOGY INC,2015-12-01 00:00:00-05:00,2015,4,12,13.821447372436523,15.793151491090226,16.232391291035697,13.186988642462603,503575500,1122466035,15514105230.099993,15.514105230099993,,,,,,,,25.894596,15.271173,5.9021206,4.071258,,,,,Technology,Semiconductors,United States,53000,2015-Q4
MU,MICRON TECHNOLOGY INC,2016-01-01 00:00:00-05:00,2016,1,1,10.766283988952637,13.49933910702857,14.719452915913097,9.087408058156061,651121100,1122466035,12084788100.763649,12.08478810076365,,,,,,,,25.894596,15.271173,5.9021206,4.071258,,,,-62.316365472873535,Technology,Semiconductors,United States,53000,2016-Q1
MU,MICRON TECHNOLOGY INC,2016-02-01 00:00:00-05:00,2016,1,2,10.375845909118652,10.736999414068965,11.469067555937304,9.22405840136651,461446600,1122466035,11646534617.379383,11.646534617379382,,,,,,,,25.894596,15.271173,5.9021206,4.071258,,,,-65.34073007995498,Technology,Semiconductors,United States,53000,2016-Q1
MU,MICRON TECHNOLOGY INC,2016-03-01 00:00:00-05:00,2016,1,3,10.219674110412598,10.512501627526117,11.99615962022932,9.770672165738008,527818500,1122466035,11471237077.706982,11.471237077706983,,,,,,,,25.894596,15.271173,5.9021206,4.071258,,,,-61.40802638921821,Technology,Semiconductors,United States,53000,2016-Q1
MU,MICRON TECHNOLOGY INC,2016-04-01 00:00:00-04:00,2016,2,4,10.492977142333984,10.034214160117784,12.113287882350093,9.809713700635639,517968600,1122466035,11778010448.301258,11.778010448301258,,,,,,,,25.894596,15.271173,5.9021206,4.071258,,,,-61.78457775347715,Technology,Semiconductors,United States,53000,2016-Q2
MU,MICRON TECHNOLOGY INC,2016-05-01 00:00:00-04:00,2016,2,5,12.415879249572754,10.541784233377884,12.60133615193016,9.126452302103901,561794500,1122466035,13936402752.306705,13.936402752306705,,,,,,,,25.894596,15.271173,5.9021206,4.071258,,,,-54.45757044737949,Technology,Semiconductors,United States,53000,2016-Q2
MU,MICRON TECHNOLOGY INC,2016-06-01 00:00:00-04:00,2016,2,6,13.431013107299805,12.308507838276473,13.82144915599394,11.303134314734349,697596600,1122466035,15075856028.583841,15.075856028583841,,,,,,,,25.894596,15.271173,5.9021206,4.071258,,,,-26.963888414373784,Technology,Semiconductors,United States,53000,2016-Q2
MU,MICRON TECHNOLOGY INC,2016-07-01 00:00:00-04:00,2016,3,7,13.411490440368652,12.279225001973339,14.533995675991752,11.225046770993362,612699700,1122466035,15053942498.041004,15.053942498041005,,,,,,,,25.894596,15.271173,5.9021206,4.071258,,,,-25.76985910333497,Technology,Semiconductors,United States,53000,2016-Q3
MU,MICRON TECHNOLOGY INC,2016-08-01 00:00:00-04:00,2016,3,8,16.095741271972656,13.479817877821084,16.83757069710991,12.708705981681113,529876300,1122466035,18066922885.937004,18.066922885937004,,,,,,,,25.894596,15.271173,5.9021206,4.071258,,,,0.48749295207768384,Technology,Semiconductors,United States,53000,2016-Q3
MU,MICRON TECHNOLOGY INC,2016-09-01 00:00:00-04:00,2016,3,9,17.354900360107422,16.212873703120245,17.725814157483267,15.910284122850825,541893500,1122466035,19480286195.02985,19.48028619502985,,,,,,,,25.894596,15.271173,5.9021206,4.071258,,,,18.691596038772218,Technology,Semiconductors,United States,53000,2016-Q3
MU,MICRON TECHNOLOGY INC,2016-10-01 00:00:00-04:00,2016,4,10,16.749717712402344,17.559872989034734,17.89174400469093,15.783388059195913,539021800,1122466035,18800989228.00953,18.80098922800953,,,,,,,,25.894596,15.271173,5.9021206,4.071258,,,,3.6232054216453147,Technology,Semiconductors,United States,53000,2016-Q4
MU,MICRON TECHNOLOGY INC,2016-11-01 00:00:00-04:00,2016,4,11,19.06305503845215,16.78876342434228,19.95129756616809,16.056695284241524,537962500,1122466035,21397631803.998154,21.397631803998152,,,,,,,,25.894596,15.271173,5.9021206,4.071258,,,,22.59883453882243,Technology,Semiconductors,United States,53000,2016-Q4
MU,MICRON TECHNOLOGY INC,2016-12-01 00:00:00-05:00,2016,4,12,21.39591407775879,19.228992800573877,23.074789871292033,17.745334083453834,631648600,1122466035,24016186840.06259,24.01618684006259,,,,,,,,25.894596,15.271173,5.9021206,4.071258,,,,54.80226854119257,Technology,Semiconductors,United States,53000,2016-Q4
MU,MICRON TECHNOLOGY INC,2017-01-01 00:00:00-05:00,2017,1,1,23.533550262451172,21.542324096310104,23.660441249864245,20.9761914952643,446792700,1122466035,26415610852.566776,26.415610852566775,,,,,,,,25.894596,15.271173,5.9021206,4.071258,,,,118.58563536498875,Technology,Semiconductors,United States,53000,2017-Q1
MU,MICRON TECHNOLOGY INC,2017-02-01 00:00:00-05:00,2017,1,2,22.879573822021484,23.845903699624152,24.704862970244577,22.098699896075246,485701900,1122466035,25681544510.49425,25.681544510494252,,,,,,,,25.894596,15.271173,5.9021206,4.071258,,,,120.50803397064836,Technology,Semiconductors,United States,53000,2017-Q1
MU,MICRON TECHNOLOGY INC,2017-03-01 00:00:00-05:00,2017,1,3,28.209028244018555,23.582357337961508,29.15583766245198,23.494509003019317,728136900,1122466035,31663676084.266518,31.663676084266516,,,,,,,,25.894596,15.271173,5.9021206,4.071258,,,,176.02669066792456,Technology,Semiconductors,United States,53000,2017-Q1
MU,MICRON TECHNOLOGY INC,2017-04-01 00:00:00-04:00,2017,2,4,27.008440017700195,28.257837259209367,28.345685604567215,25.729761235569054,460534300,1122466035,30316056578.20327,30.31605657820327,,,,,,,,25.894596,15.271173,5.9021206,4.071258,,,,157.39539552349225,Technology,Semiconductors,United States,53000,2017-Q2
MU,MICRON TECHNOLOGY INC,2017-05-01 00:00:00-04:00,2017,2,5,30.03432273864746,27.184136733331375,30.356432718006136,26.315414413079335,509130600,1122466035,33712507158.359955,33.712507158359955,,,,,,,,25.894596,15.271173,5.9021206,4.071258,,,,141.9025035192814,Technology,Semiconductors,United States,53000,2017-Q2
MU,MICRON TECHNOLOGY INC,2017-06-01 00:00:00-04:00,2017,2,6,29.146080017089844,30.014800475751247,32.171960852077746,28.511619330644663,772196700,1122466035,32715484872.57557,32.71548487257557,,,,,,,,25.894596,15.271173,5.9021206,4.071258,,,,117.0058191756871,Technology,Semiconductors,United States,53000,2017-Q2
MU,MICRON TECHNOLOGY INC,2017-07-01 00:00:00-04:00,2017,3,7,27.447683334350586,29.370582185989324,31.576546496597015,27.203660552387728,562428900,1122466035,30809092282.24408,30.80909228224408,,,,,,,,25.894596,15.271173,5.9021206,4.071258,,,,104.65796442528807,Technology,Semiconductors,United States,53000,2017-Q3
MU,MICRON TECHNOLOGY INC,2017-08-01 00:00:00-04:00,2017,3,8,31.20563316345215,27.545291378143958,31.254438837637252,26.208047555155854,543420400,1122466035,35027263326.64464,35.027263326644636,,,,,,,,25.894596,15.271173,5.9021206,4.071258,,,,93.8750917784084,Technology,Semiconductors,United States,53000,2017-Q3
MU,MICRON TECHNOLOGY INC,2017-09-01 00:00:00-04:00,2017,3,9,38.3896598815918,31.361804108185776,38.41894141936078,30.893279024678463,731488700,1122466035,43091089312.28891,43.09108931228891,,,,,,,,25.894596,15.271173,5.9021206,4.071258,,,,121.20357412040002,Technology,Semiconductors,United States,53000,2017-Q3
MU,MICRON TECHNOLOGY INC,2017-10-01 00:00:00-04:00,2017,4,10,43.25059509277344,38.653203488976764,43.504377123486975,37.88209440133268,834077600,1122466035,48547323985.17586,48.54732398517586,,,,,,,,25.894596,15.271173,5.9021206,4.071258,,,,158.21685974294658,Technology,Semiconductors,United States,53000,2017-Q4
MU,MICRON TECHNOLOGY INC,2017-11-01 00:00:00-04:00,2017,4,11,41.37649917602539,43.7191191946102,48.69718207973808,40.85917210901376,695153200,1122466035,46443714972.29399,46.44371497229399,,,,,,,,25.894596,15.271173,5.9021206,4.071258,,,,117.05072504152523,Technology,Semiconductors,United States,53000,2017-Q4
MU,MICRON TECHNOLOGY INC,2017-12-01 00:00:00-05:00,2017,4,12,40.13685989379883,40.73227598496579,45.68105693580797,38.13587413753479,895252000,1122466035,45052261982.342896,45.0522619823429,,,,,,,,25.894596,15.271173,5.9021206,4.071258,,,,87.59123703680129,Technology,Semiconductors,United States,53000,2017-Q4
MU,MICRON TECHNOLOGY INC,2018-01-01 00:00:00-05:00,2018,1,1,42.67469787597656,40.54681928962238,45.856752760772444,40.20518522022187,831013900,1122466035,47900898919.670334,47.90089891967033,,,,,,,,25.894596,15.271173,5.9021206,4.071258,,,,81.33557155660421,Technology,Semiconductors,United States,53000,2018-Q1
MU,MICRON TECHNOLOGY INC,2018-02-01 00:00:00-05:00,2018,1,2,47.64300537109375,42.01095957994419,48.277462317902426,36.6229365506807,831358900,1122466035,53477655334.375305,53.47765533437531,,,,,,,,25.894596,15.271173,5.9021206,4.071258,,,,108.23379728007687,Technology,Semiconductors,United States,53000,2018-Q1
MU,MICRON TECHNOLOGY INC,2018-03-01 00:00:00-05:00,2018,1,3,50.893394470214844,47.60396817538707,61.903701992624825,44.85139129478457,1549894000,1122466035,57126106698.67298,57.126106698672984,,,,,,,,25.894596,15.271173,5.9021206,4.071258,,,,80.41526999784648,Technology,Semiconductors,United States,53000,2018-Q1
MU,MICRON TECHNOLOGY INC,2018-04-01 00:00:00-04:00,2018,2,4,44.88066101074219,50.307727981995974,52.972455803535894,44.236441138759915,1075226000,1122466035,50377017612.906876,50.377017612906876,,,,,,,,25.894596,15.271173,5.9021206,4.071258,,,,66.17272593800045,Technology,Semiconductors,United States,53000,2018-Q2
MU,MICRON TECHNOLOGY INC,2018-05-01 00:00:00-04:00,2018,2,5,56.21309280395508,44.4999983108107,63.11406106844571,44.24621623512926,1159858400,1122466035,63097287394.74249,63.097287394742494,,,,,,,,25.894596,15.271173,5.9021206,4.071258,,,,87.16284463315498,Technology,Semiconductors,United States,53000,2018-Q2
MU,MICRON TECHNOLOGY INC,2018-06-01 00:00:00-04:00,2018,2,6,51.186214447021484,57.40391725314999,61.05449577526319,50.551757484666204,1034243300,1122466035,57454787177.00792,57.45478717700792,,,,,,,,25.894596,15.271173,5.9021206,4.071258,,,,75.61954958268274,Technology,Semiconductors,United States,53000,2018-Q2
MU,MICRON TECHNOLOGY INC,2018-07-01 00:00:00-04:00,2018,3,7,51.52784729003906,50.28821121292208,56.75969590028364,48.90215998928655,730418300,1122466035,57838258439.73564,57.83825843973564,,,,,,,,25.894596,15.271173,5.9021206,4.071258,,,,87.73113439979221,Technology,Semiconductors,United States,53000,2018-Q3
MU,MICRON TECHNOLOGY INC,2018-08-01 00:00:00-04:00,2018,3,8,51.264305114746094,51.40095727324307,52.39657064392514,44.52927502274652,696140700,1122466035,57542441299.17927,57.542441299179266,,,,,,,,25.894596,15.271173,5.9021206,4.071258,,,,64.27900964620241,Technology,Semiconductors,United States,53000,2018-Q3
MU,MICRON TECHNOLOGY INC,2018-09-01 00:00:00-04:00,2018,3,9,44.14860153198242,50.893391117146614,51.04956554960441,39.707387618189884,880109200,1122466035,49555305712.39923,49.55530571239923,,,,,,,,25.894596,15.271173,5.9021206,4.071258,,,,15.001283335547576,Technology,Semiconductors,United States,53000,2018-Q3
MU,MICRON TECHNOLOGY INC,2018-10-01 00:00:00-04:00,2018,4,10,36.81815719604492,44.35357789723451,45.57369176270798,33.011400446370885,821867500,1122466035,41327130923.85126,41.32713092385126,,,,,,,,25.894596,15.271173,5.9021206,4.071258,,,,-14.872484142543719,Technology,Semiconductors,United States,53000,2018-Q4
MU,MICRON TECHNOLOGY INC,2018-11-01 00:00:00-04:00,2018,4,11,37.6380729675293,37.07193836013642,40.4394532934603,33.2359001604315,560230000,1122466035,42247458528.90329,42.24745852890329,,,,,,,,25.894596,15.271173,5.9021206,4.071258,,,,-9.035143820631008,Technology,Semiconductors,United States,53000,2018-Q4
MU,MICRON TECHNOLOGY INC,2018-12-01 00:00:00-05:00,2018,4,12,30.97136688232422,39.238858816918864,39.27790335042972,27.711222804001057,739529700,1122466035,34764307382.93278,34.76430738293278,,,,,,,,25.894596,15.271173,5.9021206,4.071258,,,,-22.835600581924666,Technology,Semiconductors,United States,53000,2018-Q4
MU,MICRON TECHNOLOGY INC,2019-01-01 00:00:00-05:00,2019,1,1,37.30619812011719,30.258820114772277,38.3701374279311,30.01479737191121,771128400,1122466035,41874940284.81239,41.874940284812396,,,,,,,,25.894596,15.271173,5.9021206,4.071258,,,,-12.580053340885012,Technology,Semiconductors,United States,53000,2019-Q1
MU,MICRON TECHNOLOGY INC,2019-02-01 00:00:00-05:00,2019,1,2,39.90260696411133,37.39405302475144,42.93825101427246,36.46676569430308,610094300,1122466035,44789321025.16943,44.789321025169436,,,,,,,,25.894596,15.271173,5.9021206,4.071258,,,,-16.246662750790108,Technology,Semiconductors,United States,53000,2019-Q1
MU,MICRON TECHNOLOGY INC,2019-03-01 00:00:00-05:00,2019,1,3,40.34184265136719,40.64442847708811,43.15298203889217,35.69564742531968,684548300,1122466035,45282348165.474014,45.28234816547401,,,,,,,,25.894596,15.271173,5.9021206,4.071258,,,,-20.73265485371173,Technology,Semiconductors,United States,53000,2019-Q1
MU,MICRON TECHNOLOGY INC,2019-04-01 00:00:00-04:00,2019,2,4,41.05439758300781,41.25937584321973,43.77768922573357,39.79523903000466,482889100,1122466035,46082166874.31236,46.082166874312364,,,,,,,,25.894596,15.271173,5.9021206,4.071258,,,,-8.525416831134812,Technology,Semiconductors,United States,53000,2019-Q2
MU,MICRON TECHNOLOGY INC,2019-05-01 00:00:00-04:00,2019,2,5,31.830333709716797,41.41554871938319,42.342836077337104,31.400851211068662,566679000,1122466035,35728468471.87265,35.72846847187265,,,,,,,,25.894596,15.271173,5.9021206,4.071258,,,,-43.37558721288281,Technology,Semiconductors,United States,53000,2019-Q2
MU,MICRON TECHNOLOGY INC,2019-06-01 00:00:00-04:00,2019,2,6,37.66735076904297,32.162198281169005,38.457985797042916,31.371563253169057,636770700,1122466035,42280321866.68186,42.28032186668186,,,,,,,,25.894596,15.271173,5.9021206,4.071258,,,,-26.41114179672487,Technology,Semiconductors,United States,53000,2019-Q2
MU,MICRON TECHNOLOGY INC,2019-07-01 00:00:00-04:00,2019,3,7,43.81672286987305,40.175904013354845,47.535630790950556,37.87232873773675,671561700,1122466035,49182783186.440216,49.18278318644022,,,,,,,,25.894596,15.271173,5.9021206,4.071258,,,,-14.964965209514336,Technology,Semiconductors,United States,53000,2019-Q3
MU,MICRON TECHNOLOGY INC,2019-08-01 00:00:00-04:00,2019,3,8,44.18764114379883,43.92409612025827,44.86114261051909,39.72690545790972,501560900,1122466035,49599126350.68274,49.59912635068274,,,,,,,,25.894596,15.271173,5.9021206,4.071258,,,,-13.804271715197148,Technology,Semiconductors,United States,53000,2019-Q3
MU,MICRON TECHNOLOGY INC,2019-09-01 00:00:00-04:00,2019,3,9,41.825496673583984,43.53365587510594,50.16131447064913,41.56195538773603,496512600,1122466035,46947699413.1035,46.9476994131035,,,,,,,,25.894596,15.271173,5.9021206,4.071258,,,,-5.262012335125766,Technology,Semiconductors,United States,53000,2019-Q3
MU,MICRON TECHNOLOGY INC,2019-10-01 00:00:00-04:00,2019,4,10,46.41313171386719,42.06952551300437,47.99439827555599,40.75180399884572,420844300,1122466035,52097163926.79726,52.09716392679726,,,,,,,,25.894596,15.271173,5.9021206,4.071258,,,,26.060442044212316,Technology,Semiconductors,United States,53000,2019-Q4
MU,MICRON TECHNOLOGY INC,2019-11-01 00:00:00-04:00,2019,4,11,46.374080657958984,46.34479912017953,48.706941219666774,43.96313847783371,318007000,1122466035,52053330442.90941,52.053330442909406,,,,,,,,25.894596,15.271173,5.9021206,4.071258,,,,23.21056048211161,Technology,Semiconductors,United States,53000,2019-Q4
MU,MICRON TECHNOLOGY INC,2019-12-01 00:00:00-05:00,2019,4,12,52.49417495727539,46.43265049048198,54.768468868513665,43.48485510187505,509033300,1122466035,58922928424.889206,58.92292842488921,,,,,,,,25.894596,15.271173,5.9021206,4.071258,,,,69.49259991245182,Technology,Semiconductors,United States,53000,2019-Q4
MU,MICRON TECHNOLOGY INC,2020-01-01 00:00:00-05:00,2020,1,1,51.820674896240234,53.53859353583275,59.11207635828572,51.439999975866954,511028800,1122466035,58166947481.80681,58.16694748180681,,,,,,,,25.894596,15.271173,5.9021206,4.071258,,,,38.906341325347185,Technology,Semiconductors,United States,53000,2020-Q1
MU,MICRON TECHNOLOGY INC,2020-02-01 00:00:00-05:00,2020,1,2,51.3033447265625,51.976846181699344,59.727007445612145,47.2330432865405,511448300,1122466035,57586261937.46277,57.586261937462766,,,,,,,,25.894596,15.271173,5.9021206,4.071258,,,,28.571410817105438,Technology,Semiconductors,United States,53000,2020-Q1
MU,MICRON TECHNOLOGY INC,2020-03-01 00:00:00-05:00,2020,1,3,41.05439758300781,51.92805305339293,54.280432717685436,30.38571851108838,826348600,1122466035,46082166874.31236,46.082166874312364,,,,,,,,25.894596,15.271173,5.9021206,4.071258,,,,1.7662924765199817,Technology,Semiconductors,United States,53000,2020-Q1
MU,MICRON TECHNOLOGY INC,2020-04-01 00:00:00-04:00,2020,2,4,46.744998931884766,39.5804906072737,48.94120375412736,38.38966208007658,595404300,1122466035,52469673607.15193,52.46967360715193,,,,,,,,25.894596,15.271173,5.9021206,4.071258,,,,13.861124955910364,Technology,Semiconductors,United States,53000,2020-Q2
MU,MICRON TECHNOLOGY INC,2020-05-01 00:00:00-04:00,2020,2,5,46.76451873779297,45.25157846236113,48.39459261182624,41.49362595245903,493363200,1122466035,52491583926.29368,52.49158392629368,,,,,,,,25.894596,15.271173,5.9021206,4.071258,,,,46.91809129075277,Technology,Semiconductors,United States,53000,2020-Q2
MU,MICRON TECHNOLOGY INC,2020-06-01 00:00:00-04:00,2020,2,6,50.288211822509766,46.35456604500478,53.50931157353692,44.48046927491232,519296700,1122466035,56446809731.652664,56.446809731652664,,,,,,,,25.894596,15.271173,5.9021206,4.071258,,,,33.50610222325297,Technology,Semiconductors,United States,53000,2020-Q2
MU,MICRON TECHNOLOGY INC,2020-07-01 00:00:00-04:00,2020,3,7,48.863121032714844,50.28821312251057,52.90413752696705,46.803568248568915,403345200,1122466035,54847193723.316536,54.847193723316536,,,,,,,,25.894596,15.271173,5.9021206,4.071258,,,,11.517059771513715,Technology,Semiconductors,United States,53000,2020-Q3
MU,MICRON TECHNOLOGY INC,2020-08-01 00:00:00-04:00,2020,3,8,44.421905517578125,49.18523125628565,50.24917073284447,41.23985008431981,390850500,1122466035,49862080153.46054,49.86208015346054,,,,,,,,25.894596,15.271173,5.9021206,4.071258,,,,0.5301581340740436,Technology,Semiconductors,United States,53000,2020-Q3
MU,MICRON TECHNOLOGY INC,2020-09-01 00:00:00-04:00,2020,3,9,45.83723068237305,44.44142030881877,50.92266370080956,43.38724400606307,454161000,1122466035,51450734579.423615,51.45073457942362,,,,,,,,25.894596,15.271173,5.9021206,4.071258,,,,9.591599210638368,Technology,Semiconductors,United States,53000,2020-Q3
MU,MICRON TECHNOLOGY INC,2020-10-01 00:00:00-04:00,2020,4,10,49.13642501831055,45.973888287070594,53.538594142009494,45.3882351296334,351347600,1122466035,55153968164.37784,55.15396816437784,,,,,,,,25.894596,15.271173,5.9021206,4.071258,,,,5.86750603521482,Technology,Semiconductors,United States,53000,2020-Q4
MU,MICRON TECHNOLOGY INC,2020-11-01 00:00:00-04:00,2020,4,11,62.55766677856445,49.57566132794565,63.68993587986959,48.25793628254307,324978800,1122466035,70218856187.78647,70.21885618778647,,,,,,,,25.894596,15.271173,5.9021206,4.071258,,,,34.89791256450052,Technology,Semiconductors,United States,53000,2020-Q4
MU,MICRON TECHNOLOGY INC,2020-12-01 00:00:00-05:00,2020,4,12,73.38251495361328,63.68993191389521,73.87056040889217,63.58256131797524,359166400,1122466035,82369380598.31052,82.36938059831051,,,,,,,,25.894596,15.271173,5.9021206,4.071258,,,,39.79172929822929,Technology,Semiconductors,United States,53000,2020-Q4
MU,MICRON TECHNOLOGY INC,2021-01-01 00:00:00-05:00,2021,1,1,76.39863586425781,74.65143960602414,85.16393592750954,71.98670801895506,420844300,1122466035,85754873877.96227,85.75487387796227,,,,,,,,25.894596,15.271173,5.9021206,4.071258,,,,47.42887084591172,Technology,Semiconductors,United States,53000,2021-Q1
MU,MICRON TECHNOLOGY INC,2021-02-01 00:00:00-05:00,2021,1,2,89.34162139892578,77.68709073303384,90.87408420021603,76.60363641223516,299167500,1122466035,100282935532.12338,100.28293553212339,,,,,,,,25.894596,15.271173,5.9021206,4.071258,,,,74.1438533395832,Technology,Semiconductors,United States,53000,2021-Q1
MU,MICRON TECHNOLOGY INC,2021-03-01 00:00:00-05:00,2021,1,3,86.10099792480469,92.27965658228547,93.46072595925517,78.56557318858275,543971500,1122466035,96645445750.19875,96.64544575019875,,,,,,,,25.894596,15.271173,5.9021206,4.071258,,,,109.72417814855824,Technology,Semiconductors,United States,53000,2021-Q1
MU,MICRON TECHNOLOGY INC,2021-04-01 00:00:00-04:00,2021,2,4,84.01213073730469,90.7764399473929,94.64175843216024,81.8940155924744,413859600,1122466035,94300763280.60402,94.30076328060402,,,,,,,,25.894596,15.271173,5.9021206,4.071258,,,,79.72431844468393,Technology,Semiconductors,United States,53000,2021-Q2
MU,MICRON TECHNOLOGY INC,2021-05-01 00:00:00-04:00,2021,2,5,82.12828826904297,84.89062732144107,84.92967185133514,74.33908700625226,365378500,1122466035,92186214094.68967,92.18621409468966,,,,,,,,25.894596,15.271173,5.9021206,4.071258,,,,75.62094187162157,Technology,Semiconductors,United States,53000,2021-Q2
MU,MICRON TECHNOLOGY INC,2021-06-01 00:00:00-04:00,2021,2,6,82.94822692871094,82.88965639736786,83.70957681331241,73.89985804606283,420930800,1122466035,93106567390.9504,93.10656739095039,,,,,,,,25.894596,15.271173,5.9021206,4.071258,,,,64.94566802548754,Technology,Semiconductors,United States,53000,2021-Q2
MU,MICRON TECHNOLOGY INC,2021-07-01 00:00:00-04:00,2021,3,7,75.72515106201172,80.27373181990043,80.2834948162799,70.77636936939214,400294300,1122466035,84998910062.35233,84.99891006235232,,,,,,,,25.894596,15.271173,5.9021206,4.071258,,,,54.97403657722191,Technology,Semiconductors,United States,53000,2021-Q3
MU,MICRON TECHNOLOGY INC,2021-08-01 00:00:00-04:00,2021,3,8,71.93791961669922,77.15025058085371,81.10341553615997,67.16483416779096,504958200,1122466035,80747871398.30508,80.74787139830508,,,,,,,,25.894596,15.271173,5.9021206,4.071258,,,,61.94244433803671,Technology,Semiconductors,United States,53000,2021-Q3
MU,MICRON TECHNOLOGY INC,2021-09-01 00:00:00-04:00,2021,3,9,69.28294372558594,72.54308415074323,74.06578375559671,68.541112466844,367832600,1122466035,77767751136.78658,77.76775113678657,,,,,,,,25.894596,15.271173,5.9021206,4.071258,,,,51.14993356749422,Technology,Semiconductors,United States,53000,2021-Q3
MU,MICRON TECHNOLOGY INC,2021-10-01 00:00:00-04:00,2021,4,10,67.54217529296875,69.73167358112369,70.05423569418139,64.18950254357813,349953400,1122466035,75813797696.3736,75.8137976963736,,,,,,,,25.894596,15.271173,5.9021206,4.071258,,,,37.458464403544546,Technology,Semiconductors,United States,53000,2021-Q4
MU,MICRON TECHNOLOGY INC,2021-11-01 00:00:00-04:00,2021,4,11,82.10624694824219,67.41509466961448,85.73260529356915,67.38577220317288,404881700,1122466035,92161473460.72426,92.16147346072425,,,,,,,,25.894596,15.271173,5.9021206,4.071258,,,,31.24889590091953,Technology,Semiconductors,United States,53000,2021-Q4
MU,MICRON TECHNOLOGY INC,2021-12-01 00:00:00-05:00,2021,4,12,91.04997253417969,84.59876834791456,94.56881050328857,78.71448262934767,457934400,1122466035,102200501657.29958,102.20050165729958,,,,,,,,25.894596,15.271173,5.9021206,4.071258,,,,24.07584094349231,Technology,Semiconductors,United States,53000,2021-Q4
MU,MICRON TECHNOLOGY INC,2022-01-01 00:00:00-05:00,2022,1,1,80.50099182128906,91.8907104073381,96.33308280685718,73.8961332219725,430133600,1122466035,90359629103.20976,90.35962910320977,,,,,,,,25.894596,15.271173,5.9021206,4.071258,,,,5.369671736443249,Technology,Semiconductors,United States,53000,2022-Q1
MU,MICRON TECHNOLOGY INC,2022-02-01 00:00:00-05:00,2022,1,2,86.94929504394531,80.4324976161604,94.42501591389001,78.12324274373309,392007100,1122466035,97597630454.02245,97.59763045402245,,,,,,,,25.894596,15.271173,5.9021206,4.071258,,,,-2.6777288317819115,Technology,Semiconductors,United States,53000,2022-Q1
MU,MICRON TECHNOLOGY INC,2022-03-01 00:00:00-05:00,2022,1,3,76.2151870727539,86.65575598897584,92.0472805348072,66.8705308288379,646507100,1122466035,85548958840.33734,85.54895884033733,,,,,,,,25.894596,15.271173,5.9021206,4.071258,,,,-11.481644917384614,Technology,Semiconductors,United States,53000,2022-Q1
MU,MICRON TECHNOLOGY INC,2022-04-01 00:00:00-04:00,2022,2,4,66.72374725341797,76.74355961410525,77.21324170124625,64.4438462751348,409248700,1122466035,74895140019.8862,74.8951400198862,,,,,,,,25.894596,15.271173,5.9021206,4.071258,,,,-20.578437104452586,Technology,Semiconductors,United States,53000,2022-Q2
MU,MICRON TECHNOLOGY INC,2022-05-01 00:00:00-04:00,2022,2,5,72.35099792480469,66.78554344647779,73.22305777287373,64.54172086110071,364781700,1122466035,81211537768.94875,81.21153776894874,,,,,,,,25.894596,15.271173,5.9021206,4.071258,,,,-11.904899700586702,Technology,Semiconductors,United States,53000,2022-Q2
MU,MICRON TECHNOLOGY INC,2022-06-01 00:00:00-04:00,2022,2,6,54.16526412963867,72.99768934092961,73.88934255738288,52.51914144010997,389260400,1122466035,60798669262.32324,60.798669262323244,,,,,,,,25.894596,15.271173,5.9021206,4.071258,,,,-34.69991326494478,Technology,Semiconductors,United States,53000,2022-Q2
MU,MICRON TECHNOLOGY INC,2022-07-01 00:00:00-04:00,2022,3,7,60.61257553100586,52.21539239686431,62.395874397486644,50.36350539996294,374868500,1122466035,68035557327.42616,68.03555732742616,,,,,,,,25.894596,15.271173,5.9021206,4.071258,,,,-19.95714147685238,Technology,Semiconductors,United States,53000,2022-Q3
MU,MICRON TECHNOLOGY INC,2022-08-01 00:00:00-04:00,2022,3,8,55.498504638671875,61.35957217086173,64.22628958504067,54.56584213774764,321354400,1122466035,62295186450.19913,62.295186450199125,,,,,,,,25.894596,15.271173,5.9021206,4.071258,,,,-22.852224620367245,Technology,Semiconductors,United States,53000,2022-Q3
MU,MICRON TECHNOLOGY INC,2022-09-01 00:00:00-04:00,2022,3,9,49.18583679199219,54.251683460083704,57.72709089676398,47.56594616123175,419989300,1122466035,55209431202.06459,55.20943120206459,,,,,,,,25.894596,15.271173,5.9021206,4.071258,,,,-29.007293646750696,Technology,Semiconductors,United States,53000,2022-Q3
MU,MICRON TECHNOLOGY INC,2022-10-01 00:00:00-04:00,2022,4,10,53.11284637451172,50.07922885084164,56.391902197038306,49.41164012343587,431925200,1122466035,59617366077.562294,59.617366077562295,,,,,,,,25.894596,15.271173,5.9021206,4.071258,,,,-21.36343529930572,Technology,Semiconductors,United States,53000,2022-Q4
MU,MICRON TECHNOLOGY INC,2022-11-01 00:00:00-04:00,2022,4,11,56.71749496459961,54.19890240335184,63.397665520417775,51.07033958422912,321060800,1122466035,63663461688.046585,63.66346168804659,,,,,,,,25.894596,15.271173,5.9021206,4.071258,,,,-30.921827421544478,Technology,Semiconductors,United States,53000,2022-Q4
MU,MICRON TECHNOLOGY INC,2022-12-01 00:00:00-05:00,2022,4,12,49.171546936035156,56.89457133635399,56.98311193645785,47.64661974647938,348917000,1122466035,55193391324.10778,55.19339132410778,,,,,,,,25.894596,15.271173,5.9021206,4.071258,,,,-45.99498981992948,Technology,Semiconductors,United States,53000,2022-Q4
MU,MICRON TECHNOLOGY INC,2023-01-01 00:00:00-05:00,2023,1,1,59.45962142944336,49.85536615530093,63.44331465051669,48.85944002888262,298584700,1122466035,66741405508.508316,66.74140550850832,,,,,,,,25.894596,15.271173,5.9021206,4.071258,,,,-26.13802627246782,Technology,Semiconductors,United States,53000,2023-Q1
MU,MICRON TECHNOLOGY INC,2023-02-01 00:00:00-05:00,2023,1,2,57.014190673828125,59.77516769269576,63.02917645641596,56.03798992547892,232074400,1122466035,63996492544.38583,63.99649254438583,,,,,,,,25.894596,15.271173,5.9021206,4.071258,,,,-34.42823125246455,Technology,Semiconductors,United States,53000,2023-Q1
MU,MICRON TECHNOLOGY INC,2023-03-01 00:00:00-05:00,2023,1,3,59.49907302856445,57.05363594700692,63.522210239664325,52.0247097312148,422899600,1122466035,66785688588.54819,66.78568858854818,,,,,,,,25.894596,15.271173,5.9021206,4.071258,,,,-21.932786215209966,Technology,Semiconductors,United States,53000,2023-Q1
MU,MICRON TECHNOLOGY INC,2023-04-01 00:00:00-04:00,2023,2,4,63.46303939819336,58.97645179556863,63.54192627370614,55.22940796244329,352927800,1122466035,71235106202.33888,71.23510620233888,,,,,,,,25.894596,15.271173,5.9021206,4.071258,,,,-4.886877595229144,Technology,Semiconductors,United States,53000,2023-Q2
MU,MICRON TECHNOLOGY INC,2023-05-01 00:00:00-04:00,2023,2,5,67.38541412353516,63.12689530603907,73.87694154344423,58.83873224643824,414589600,1122466035,75637838608.07751,75.63783860807752,,,,,,,,25.894596,15.271173,5.9021206,4.071258,,,,-6.863186332868998,Technology,Semiconductors,United States,53000,2023-Q2
MU,MICRON TECHNOLOGY INC,2023-06-01 00:00:00-04:00,2023,2,6,62.356224060058594,68.11659320808502,69.70736420832245,62.148733173715044,380391500,1122466035,69992743578.26556,69.99274357826556,,,,,,,,25.894596,15.271173,5.9021206,4.071258,,,,15.12216373729065,Technology,Semiconductors,United States,53000,2023-Q2
MU,MICRON TECHNOLOGY INC,2023-07-01 00:00:00-04:00,2023,3,7,70.53733825683594,62.68228996223018,71.47598872124311,59.777405813472576,280190900,1122466035,79175766392.60445,79.17576639260444,,,,,,,,25.894596,15.271173,5.9021206,4.071258,,,,16.374098343260712,Technology,Semiconductors,United States,53000,2023-Q3
MU,MICRON TECHNOLOGY INC,2023-08-01 00:00:00-04:00,2023,3,8,69.23468017578125,70.28398800241209,70.3631830409194,61.127271255618965,282769700,1122466035,77713576941.40228,77.71357694140228,,,,,,,,25.894596,15.271173,5.9021206,4.071258,,,,24.750532697304205,Technology,Semiconductors,United States,53000,2023-Q3
MU,MICRON TECHNOLOGY INC,2023-09-01 00:00:00-04:00,2023,3,9,67.34394073486328,69.50195652184017,71.58077726742502,63.18629924369358,304134400,1122466035,75591286137.93698,75.59128613793698,,,,,,,,25.894596,15.271173,5.9021206,4.071258,,,,36.917342729497626,Technology,Semiconductors,United States,53000,2023-Q3
MU,MICRON TECHNOLOGY INC,2023-10-01 00:00:00-04:00,2023,4,10,66.19564056396484,67.55181972692093,70.0068130583126,63.23579207788778,259597900,1122466035,74302358198.11877,74.30235819811877,,,,,,,,25.894596,15.271173,5.9021206,4.071258,,,,24.632071301927837,Technology,Semiconductors,United States,53000,2023-Q4
MU,MICRON TECHNOLOGY INC,2023-11-01 00:00:00-04:00,2023,4,11,75.47808074951172,66.43498722737971,78.35361892074185,66.43498722737971,262917500,1122466035,84721582028.31424,84.72158202831424,,,,,,,,25.894596,15.271173,5.9021206,4.071258,,,,33.07724679417097,Technology,Semiconductors,United States,53000,2023-Q4
MU,MICRON TECHNOLOGY INC,2023-12-01 00:00:00-05:00,2023,4,12,84.62030029296875,75.36898854050267,87.12897045038177,72.31496122586799,314542100,1122466035,94983412950.35797,94.98341295035797,,,,,,,,25.894596,15.271173,5.9021206,4.071258,,,,72.09200353823957,Technology,Semiconductors,United States,53000,2023-Q4
MU,MICRON TECHNOLOGY INC,2024-01-01 00:00:00-05:00,2024,1,1,85.14070129394531,83.40313596141581,89.40021950385395,80.0074386724594,296484900,1122466035,95567545398.53416,95.56754539853416,,,,,,,,25.894596,15.271173,5.9021206,4.071258,,,,43.1907893913787,Technology,Semiconductors,United States,53000,2024-Q1
MU,MICRON TECHNOLOGY INC,2024-02-01 00:00:00-05:00,2024,1,2,89.9661865234375,85.45844381919291,92.09098050812221,78.58761453086316,286739600,1122466035,100983988671.03333,100.98398867103333,,,,,,,,25.894596,15.271173,5.9021206,4.071258,,,,57.796130156655366,Technology,Semiconductors,United States,53000,2024-Q1
MU,MICRON TECHNOLOGY INC,2024-03-01 00:00:00-05:00,2024,1,3,117.05235290527344,91.26687692279546,121.58988127769726,89.65839239362765,573667200,1122466035,131387290453.003,131.387290453003,,,,,,,,25.894596,15.271173,5.9021206,4.071258,,,,96.72970845962368,Technology,Semiconductors,United States,53000,2024-Q1
MU,MICRON TECHNOLOGY INC,2024-04-01 00:00:00-04:00,2024,2,4,112.265625,118.46726510138564,129.73755358128346,105.07013197802388,537885200,1122466035,126014350960.54688,126.01435096054688,6811000000.0,6811.0,1832000000.0,332000000.0,719000000.0,2820000000.0,4.6253982880835,25.894596,15.271173,5.9021206,4.071258,,,,76.8992252255664,Technology,Semiconductors,United States,53000,2024-Q2
MU,MICRON TECHNOLOGY INC,2024-05-01 00:00:00-04:00,2024,2,5,124.23162078857422,109.84062650012737,132.4806034419341,108.08151008605957,336503700,1122466035,139445774808.17447,139.44577480817446,6811000000.0,6811.0,1832000000.0,332000000.0,719000000.0,2820000000.0,5.11840312759413,25.894596,15.271173,5.9021206,4.071258,,0.0,,84.3598090245836,Technology,Semiconductors,United States,53000,2024-Q2
MU,MICRON TECHNOLOGY INC,2024-06-01 00:00:00-04:00,2024,2,6,130.72146606445312,127.34237239089195,156.57157361267232,124.38068751815807,537822600,1122466035,146730405702.75375,146.73040570275376,6811000000.0,6811.0,1832000000.0,332000000.0,719000000.0,2820000000.0,5.385787905694969,25.894596,15.271173,5.9021206,4.071258,,0.0,,109.63659688333331,Technology,Semiconductors,United States,53000,2024-Q2
MU,MICRON TECHNOLOGY INC,2024-07-01 00:00:00-04:00,2024,3,7,109.14493560791016,129.6978158478684,136.28706605753493,101.54195867963924,498022600,1122466035,122511483112.14124,122.51148311214124,7750000000.0,7750.0,2737000000.0,887000000.0,1527000000.0,3632000000.0,3.9519833261981043,25.894596,15.271173,5.9021206,4.071258,,13.786521802965801,,54.73356140899275,Technology,Semiconductors,United States,53000,2024-Q3
MU,MICRON TECHNOLOGY INC,2024-08-01 00:00:00-04:00,2024,3,8,95.73206329345703,106.61432669119498,110.41416522697251,84.46186643036924,515680800,1122466035,107455989507.37576,107.45598950737576,7750000000.0,7750.0,2737000000.0,887000000.0,1527000000.0,3632000000.0,3.466322242173412,25.894596,15.271173,5.9021206,4.071258,,0.0,13.786521802965801,38.271835805987806,Technology,Semiconductors,United States,53000,2024-Q3
MU,MICRON TECHNOLOGY INC,2024-09-01 00:00:00-04:00,2024,3,9,103.16264343261719,93.13584135107217,114.19411710962967,83.67603823646824,603284300,1122466035,115796563333.9286,115.7965633339286,7750000000.0,7750.0,2737000000.0,887000000.0,1527000000.0,3632000000.0,3.7353730107718905,25.894596,15.271173,5.9021206,4.071258,,0.0,13.786521802965801,53.18771415348866,Technology,Semiconductors,United States,53000,2024-Q3
MU,MICRON TECHNOLOGY INC,2024-10-01 00:00:00-04:00,2024,4,10,99.12406921386719,102.85427748140512,113.53759183467791,98.41781735924205,443630700,1122466035,111263400943.55507,111.26340094355507,8709000000.0,8709.0,3348000000.0,1870000000.0,2174000000.0,4300000000.0,3.1939201097587286,25.894596,15.271173,5.9021206,4.071258,,12.37419354838709,27.866686242842455,49.744104550334576,Technology,Semiconductors,United States,53000,2024-Q4
MU,MICRON TECHNOLOGY INC,2024-11-01 00:00:00-04:00,2024,4,11,97.5427474975586,99.58422719410723,113.82477472193399,95.13281102290286,322870300,1122466035,109488421026.59076,109.48842102659076,8709000000.0,8709.0,3348000000.0,1870000000.0,2174000000.0,4300000000.0,3.142967649173004,25.894596,15.271173,5.9021206,4.071258,,0.0,12.37419354838709,29.233211190507944,Technology,Semiconductors,United States,53000,2024-Q4
MU,MICRON TECHNOLOGY INC,2024-12-01 00:00:00-05:00,2024,4,12,83.8100814819336,97.1941952093264,111.57415871399107,83.19265659541998,574561300,1122466035,94073969854.05292,94.07396985405292,8709000000.0,8709.0,3348000000.0,1870000000.0,2174000000.0,4300000000.0,2.700481394363673,25.894596,15.271173,5.9021206,4.071258,,0.0,12.37419354838709,-0.9574756981835963,Technology,Semiconductors,United States,53000,2024-Q4
MU,MICRON TECHNOLOGY INC,2025-01-01 00:00:00-05:00,2025,1,1,90.97869110107422,84.73662490350362,110.35304486309143,84.49730677399494,530661800,1122466035,102120490669.71255,102.12049066971255,8053000000.0,8053.0,2963000000.0,1583000000.0,1773000000.0,3949000000.0,3.1702623453903067,25.894596,15.271173,5.9021206,4.071258,,-7.532437708118033,3.90967741935484,6.856873056487345,Technology,Semiconductors,United States,53000,2025-Q1
MU,MICRON TECHNOLOGY INC,2025-02-01 00:00:00-05:00,2025,1,2,93.36184692382812,88.39611358585296,107.57103583434028,87.09983365977092,349149400,1122466035,104795502136.8663,104.7955021368663,8053000000.0,8053.0,2963000000.0,1583000000.0,1773000000.0,3949000000.0,3.253306287621579,25.894596,15.271173,5.9021206,4.071258,,0.0,-7.532437708118033,3.7743740527514724,Technology,Semiconductors,United States,53000,2025-Q1
MU,MICRON TECHNOLOGY INC,2025-03-01 00:00:00-05:00,2025,1,3,86.64115905761719,95.5356116479957,104.39018548720134,83.85914829928934,489816600,1122466035,97251758275.2079,97.2517582752079,8053000000.0,8053.0,2963000000.0,1583000000.0,1773000000.0,3949000000.0,3.0191158038994135,25.894596,15.271173,5.9021206,4.071258,,0.0,-7.532437708118033,-25.9808479648991,Technology,Semiconductors,United States,53000,2025-Q1
MU,MICRON TECHNOLOGY INC,2025-04-01 00:00:00-04:00,2025,2,4,76.82952117919922,88.39139292992326,89.78920256149182,61.44365160777896,620142100,1122466035,86238528008.96426,86.23852800896427,9301000000.0,9301.0,3508000000.0,1885000000.0,2169000000.0,4330000000.0,2.3179907539233486,25.894596,15.271173,5.9021206,4.071258,,15.497330187507764,6.797565736594335,-31.564518365083515,Technology,Semiconductors,United States,53000,2025-Q2
MU,MICRON TECHNOLOGY INC,2025-05-01 00:00:00-04:00,2025,2,5,94.31210327148438,79.27568511797338,99.47400678565778,77.51843861321996,374814000,1122466035,105862132611.6536,105.86213261165359,9301000000.0,9301.0,3508000000.0,1885000000.0,2169000000.0,4330000000.0,2.8454502906046013,25.894596,15.271173,5.9021206,4.071258,,0.0,15.497330187507764,-24.08365706506309,Technology,Semiconductors,United States,53000,2025-Q2
MU,MICRON TECHNOLOGY INC,2025-06-01 00:00:00-04:00,2025,2,6,123.05703735351562,94.43192550279653,129.64671035646697,94.25220700967151,506275700,1122466035,138127344797.04758,138.12734479704758,9301000000.0,9301.0,3508000000.0,1885000000.0,2169000000.0,4330000000.0,3.712701451377475,25.894596,15.271173,5.9021206,4.071258,,0.0,15.497330187507764,-5.8631753006491705,Technology,Semiconductors,United States,53000,2025-Q2
MU,MICRON TECHNOLOGY INC,2025-07-01 00:00:00-04:00,2025,3,7,108.96912384033203,122.15844062809722,125.95249418734538,106.77257132757754,485942300,1122466035,122314140374.48148,122.31414037448148,,,,,,,,25.894596,15.271173,5.9021206,4.071258,,0.0,15.497330187507764,-0.16108101269096675,Technology,Semiconductors,United States,53000,2025-Q3
MU,MICRON TECHNOLOGY INC,2025-08-01 00:00:00-04:00,2025,3,8,118.93551635742188,105.42397396236329,128.51951814924735,103.31529395562426,378664400,1122466035,133501077466.39297,133.50107746639299,,,,,,,,25.894596,15.271173,5.9021206,4.071258,,0.0,0.0,24.23791179851309,Technology,Semiconductors,United States,53000,2025-Q3
MU,MICRON TECHNOLOGY INC,2025-09-01 00:00:00-04:00,2025,3,9,167.2152862548828,115.78748696807286,170.3433169030152,114.17849401357934,576098500,1122466035,187693479353.90833,187.69347935390832,,,,,,,,25.894596,15.271173,5.9021206,4.071258,,0.0,0.0,62.08898947427899,Technology,Semiconductors,United States,53000,2025-Q3
MU,MICRON TECHNOLOGY INC,2025-10-01 00:00:00-04:00,2025,4,10,196.5399932861328,165.60000610351562,201.0,165.5,213184154,1122466035,220609466982.81213,220.60946698281214,,,,,,,,25.894596,15.271173,5.9021206,4.071258,,0.0,0.0,98.27676047286143,Technology,Semiconductors,United States,53000,2025-Q4
