ticker,company_name,date,year,quarter,month,close_price,open_price,high_price,low_price,volume,shares_outstanding,market_cap,market_cap_billions,revenue,revenue_millions,gross_profit,net_income,operating_income,ebitda,ps_ratio,current_pe,forward_pe,current_ps,current_pb,peg_ratio,revenue_qoq_pct,revenue_yoy_pct,market_cap_yoy_pct,user_subscribers_millions,sector,industry,country,employees,year_quarter
NFLX,NETFLIX INC,2015-01-01 00:00:00-05:00,2015,1,1,63.11428451538086,49.15142822265625,65.33999633789062,45.264286041259766,425938100,424926346,26818922299.52517,26.81892229952517,,,,,,,,51.802475,51.061813,12.375327,20.678291,,,,,,Communication Services,Entertainment,United States,14000,2015-Q1
NFLX,NETFLIX INC,2015-02-01 00:00:00-05:00,2015,1,2,67.84428405761719,62.842857360839844,69.5,61.95571517944336,209678700,424926346,28828823721.589325,28.828823721589323,,,,,,,,51.802475,51.061813,12.375327,20.678291,,,,,,Communication Services,Entertainment,United States,14000,2015-Q1
NFLX,NETFLIX INC,2015-03-01 00:00:00-05:00,2015,1,3,59.52714157104492,67.71428680419922,68.60713958740234,58.57285690307617,327866000,424926346,25294650755.608818,25.294650755608817,,,,,,,,51.802475,51.061813,12.375327,20.678291,,,,,,Communication Services,Entertainment,United States,14000,2015-Q1
NFLX,NETFLIX INC,2015-04-01 00:00:00-04:00,2015,2,4,79.5,59.64285659790039,82.30428314208984,58.46428680419922,508463900,424926346,33781644507.0,33.781644507,,,,,,,,51.802475,51.061813,12.375327,20.678291,,,,,,Communication Services,Entertainment,United States,14000,2015-Q2
NFLX,NETFLIX INC,2015-05-01 00:00:00-04:00,2015,2,5,89.15142822265625,79.855712890625,90.2057113647461,78.894287109375,280030800,424926346,37882790635.334595,37.882790635334594,,,,,,,,51.802475,51.061813,12.375327,20.678291,,,,,,Communication Services,Entertainment,United States,14000,2015-Q2
NFLX,NETFLIX INC,2015-06-01 00:00:00-04:00,2015,2,6,93.84857177734375,88.83714294433594,100.89142608642578,87.94428253173828,469260400,424926346,39878730682.665405,39.878730682665406,,,,,,,,51.802475,51.061813,12.375327,20.678291,,,,,,Communication Services,Entertainment,United States,14000,2015-Q2
NFLX,NETFLIX INC,2015-07-01 00:00:00-04:00,2015,3,7,114.30999755859375,94.80571746826172,117.87999725341797,92.28428649902344,406357500,424926346,48573329573.84216,48.573329573842166,,,,,,,,51.802475,51.061813,12.375327,20.678291,,,,,,Communication Services,Entertainment,United States,14000,2015-Q3
NFLX,NETFLIX INC,2015-08-01 00:00:00-04:00,2015,3,8,115.02999877929688,114.5999984741211,129.2899932861328,85.5,469661800,424926346,48879277061.67108,48.87927706167108,,,,,,,,51.802475,51.061813,12.375327,20.678291,,,,,,Communication Services,Entertainment,United States,14000,2015-Q3
NFLX,NETFLIX INC,2015-09-01 00:00:00-04:00,2015,3,9,103.26000213623047,109.3499984741211,111.23999786376953,93.55000305175781,497401200,424926346,43877895395.70061,43.877895395700605,,,,,,,,51.802475,51.061813,12.375327,20.678291,,,,,,Communication Services,Entertainment,United States,14000,2015-Q3
NFLX,NETFLIX INC,2015-10-01 00:00:00-04:00,2015,4,10,108.37999725341797,102.91000366210938,115.83000183105469,96.26000213623047,446204400,424926346,46053516212.38493,46.053516212384935,,,,,,,,51.802475,51.061813,12.375327,20.678291,,,,,,Communication Services,Entertainment,United States,14000,2015-Q4
NFLX,NETFLIX INC,2015-11-01 00:00:00-04:00,2015,4,11,123.33000183105469,109.19999694824219,126.5999984741211,101.86000061035156,320321800,424926346,52406167030.24338,52.40616703024338,,,,,,,,51.802475,51.061813,12.375327,20.678291,,,,,,Communication Services,Entertainment,United States,14000,2015-Q4
NFLX,NETFLIX INC,2015-12-01 00:00:00-05:00,2015,4,12,114.37999725341797,124.47000122070312,133.27000427246094,113.8499984741211,319939200,424926346,48603074288.38493,48.60307428838493,,,,,,,,51.802475,51.061813,12.375327,20.678291,,,,,,Communication Services,Entertainment,United States,14000,2015-Q4
NFLX,NETFLIX INC,2016-01-01 00:00:00-05:00,2016,1,1,91.83999633789062,109.0,122.18000030517578,90.11000061035156,488193200,424926346,39025234060.513245,39.02523406051324,,,,,,,,51.802475,51.061813,12.375327,20.678291,,,,45.51380411435917,,Communication Services,Entertainment,United States,14000,2016-Q1
NFLX,NETFLIX INC,2016-02-01 00:00:00-05:00,2016,1,2,93.41000366210938,91.79000091552734,97.4800033569336,79.94999694824219,389268900,424926346,39692371535.986755,39.69237153598676,,,,,,,,51.802475,51.061813,12.375327,20.678291,,,,37.682938157001324,,Communication Services,Entertainment,United States,14000,2016-Q1
NFLX,NETFLIX INC,2016-03-01 00:00:00-05:00,2016,1,3,102.2300033569336,94.58000183105469,104.91000366210938,93.61000061035156,311333700,424926346,43440221778.029526,43.440221778029525,,,,,,,,51.802475,51.061813,12.375327,20.678291,,,,71.73679208991301,,Communication Services,Entertainment,United States,14000,2016-Q1
NFLX,NETFLIX INC,2016-04-01 00:00:00-04:00,2016,2,4,90.02999877929688,102.93000030517578,111.8499984741211,88.20999908447266,340174300,424926346,38256118411.67108,38.25611841167108,,,,,,,,51.802475,51.061813,12.375327,20.678291,,,,13.2452814833923,,Communication Services,Entertainment,United States,14000,2016-Q2
NFLX,NETFLIX INC,2016-05-01 00:00:00-04:00,2016,2,5,102.56999969482422,90.41000366210938,104.0,85.73999786376953,264997900,424926346,43584695179.54277,43.58469517954277,,,,,,,,51.802475,51.061813,12.375327,20.678291,,,,15.051437469577046,,Communication Services,Entertainment,United States,14000,2016-Q2
NFLX,NETFLIX INC,2016-06-01 00:00:00-04:00,2016,2,6,91.4800033569336,101.5,102.1500015258789,84.80999755859375,218216500,424926346,38872263558.529526,38.872263558529525,,,,,,,,51.802475,51.061813,12.375327,20.678291,,,,-2.523819356600965,,Communication Services,Entertainment,United States,14000,2016-Q2
NFLX,NETFLIX INC,2016-07-01 00:00:00-04:00,2016,3,7,91.25,95.0,101.2699966430664,84.5,320138000,424926346,38774529072.5,38.7745290725,,,,,,,,51.802475,51.061813,12.375327,20.678291,,,,-20.173211487274777,,Communication Services,Entertainment,United States,14000,2016-Q3
NFLX,NETFLIX INC,2016-08-01 00:00:00-04:00,2016,3,8,97.44999694824219,91.2300033569336,98.8499984741211,90.5,182611000,424926346,41409071120.927704,41.409071120927706,,,,,,,,51.802475,51.061813,12.375327,20.678291,,,,-15.282971414078418,,Communication Services,Entertainment,United States,14000,2016-Q3
NFLX,NETFLIX INC,2016-09-01 00:00:00-04:00,2016,3,9,98.55000305175781,97.80999755859375,100.3499984741211,93.26000213623047,169670600,424926346,41876492695.072296,41.876492695072294,,,,,,,,51.802475,51.061813,12.375327,20.678291,,,,-4.5613005878682555,,Communication Services,Entertainment,United States,14000,2016-Q3
NFLX,NETFLIX INC,2016-10-01 00:00:00-04:00,2016,4,10,124.87000274658203,98.0,129.2899932861328,97.62999725341797,274097800,424926346,53060553992.11507,53.06055399211507,,,,,,,,51.802475,51.061813,12.375327,20.678291,,,,15.214989768459342,,Communication Services,Entertainment,United States,14000,2016-Q4
NFLX,NETFLIX INC,2016-11-01 00:00:00-04:00,2016,4,11,117.0,124.9800033569336,125.83000183105469,110.68000030517578,147513000,424926346,49716382482.0,49.716382482,,,,,,,,51.802475,51.061813,12.375327,20.678291,,,,-5.132572559048465,,Communication Services,Entertainment,United States,14000,2016-Q4
NFLX,NETFLIX INC,2016-12-01 00:00:00-05:00,2016,4,12,123.80000305175781,117.5199966430664,129.07000732421875,113.94999694824219,128528700,424926346,52605882931.572296,52.605882931572296,,,,,,,,51.802475,51.061813,12.375327,20.678291,,,,8.235710810054542,,Communication Services,Entertainment,United States,14000,2016-Q4
NFLX,NETFLIX INC,2017-01-01 00:00:00-05:00,2017,1,1,140.7100067138672,124.95999908447266,143.4600067138672,124.30999755859375,181814100,424926346,59791388998.55905,59.79138899855905,,,,,,,,51.802475,51.061813,12.375327,20.678291,,,,53.21212143364835,,Communication Services,Entertainment,United States,14000,2017-Q1
NFLX,NETFLIX INC,2017-02-01 00:00:00-05:00,2017,1,2,142.1300048828125,141.1999969482422,145.9499969482422,139.0500030517578,91444800,424926346,60394783631.815674,60.39478363181567,,,,,,,,51.802475,51.061813,12.375327,20.678291,,,,52.15715588336476,,Communication Services,Entertainment,United States,14000,2017-Q1
NFLX,NETFLIX INC,2017-03-01 00:00:00-05:00,2017,1,3,147.80999755859375,142.83999633789062,148.2899932861328,138.25999450683594,110692700,424926346,62808362164.84216,62.808362164842165,,,,,,,,51.802475,51.061813,12.375327,20.678291,,,,44.585730905748576,,Communication Services,Entertainment,United States,14000,2017-Q1
NFLX,NETFLIX INC,2017-04-01 00:00:00-04:00,2017,2,4,152.1999969482422,146.6999969482422,153.52000427246094,138.66000366210938,149779000,424926346,64673788564.427704,64.67378856442771,,,,,,,,51.802475,51.061813,12.375327,20.678291,,,,69.05475842707864,,Communication Services,Entertainment,United States,14000,2017-Q2
NFLX,NETFLIX INC,2017-05-01 00:00:00-04:00,2017,2,5,163.07000732421875,151.91000366210938,164.75,151.61000061035156,116795800,424926346,69292742354.47351,69.29274235447352,,,,,,,,51.802475,51.061813,12.375327,20.678291,,,,58.98411602749319,,Communication Services,Entertainment,United States,14000,2017-Q2
NFLX,NETFLIX INC,2017-06-01 00:00:00-04:00,2017,2,6,149.41000366210938,163.52000427246094,166.8699951171875,147.3000030517578,135699700,424926346,63488246911.986755,63.48824691198676,,,,,,,,51.802475,51.061813,12.375327,20.678291,,,,63.325315019006354,,Communication Services,Entertainment,United States,14000,2017-Q2
NFLX,NETFLIX INC,2017-07-01 00:00:00-04:00,2017,3,7,181.66000366210938,149.8000030517578,191.5,144.25,185144700,424926346,77192121570.48676,77.19212157048676,,,,,,,,51.802475,51.061813,12.375327,20.678291,,,,99.07945606806507,,Communication Services,Entertainment,United States,14000,2017-Q3
NFLX,NETFLIX INC,2017-08-01 00:00:00-04:00,2017,3,8,174.7100067138672,182.49000549316406,184.6199951171875,164.22999572753906,136534400,424926346,74238884762.55905,74.23888476255905,,,,,,,,51.802475,51.061813,12.375327,20.678291,,,,79.28169541827639,,Communication Services,Entertainment,United States,14000,2017-Q3
NFLX,NETFLIX INC,2017-09-01 00:00:00-04:00,2017,3,9,181.35000610351562,175.5500030517578,189.9499969482422,172.44000244140625,111427900,424926346,77060395440.64459,77.0603954406446,,,,,,,,51.802475,51.061813,12.375327,20.678291,,,,84.01826533508255,,Communication Services,Entertainment,United States,14000,2017-Q3
NFLX,NETFLIX INC,2017-10-01 00:00:00-04:00,2017,4,10,196.42999267578125,182.11000061035156,204.3800048828125,176.5800018310547,208657800,424926346,83468279032.52649,83.4682790325265,,,,,,,,51.802475,51.061813,12.375327,20.678291,,,,57.30759057836088,,Communication Services,Entertainment,United States,14000,2017-Q4
NFLX,NETFLIX INC,2017-11-01 00:00:00-04:00,2017,4,11,187.5800018310547,197.24000549316406,202.47999572753906,184.32000732421875,110996600,424926346,79707684760.74338,79.70768476074338,,,,,,,,51.802475,51.061813,12.375327,20.678291,,,,60.32478788979032,,Communication Services,Entertainment,United States,14000,2017-Q4
NFLX,NETFLIX INC,2017-12-01 00:00:00-05:00,2017,4,12,191.9600067138672,186.99000549316406,194.49000549316406,178.3800048828125,115103700,424926346,81568864231.05905,81.56886423105905,,,,,,,,51.802475,51.061813,12.375327,20.678291,,,,55.0565444118877,,Communication Services,Entertainment,United States,14000,2017-Q4
NFLX,NETFLIX INC,2018-01-01 00:00:00-05:00,2018,1,1,270.29998779296875,196.10000610351562,286.80999755859375,195.4199981689453,238377600,424926346,114857586136.71082,114.85758613671082,,,,,,,,51.802475,51.061813,12.375327,20.678291,,,,92.09720339408545,,Communication Services,Entertainment,United States,14000,2018-Q1
NFLX,NETFLIX INC,2018-02-01 00:00:00-05:00,2018,1,2,291.3800048828125,266.4100036621094,297.3599853515625,236.11000061035156,184585800,424926346,123815040772.31567,123.81504077231567,,,,,,,,51.802475,51.061813,12.375327,20.678291,,,,105.00949473902996,,Communication Services,Entertainment,United States,14000,2018-Q1
NFLX,NETFLIX INC,2018-03-01 00:00:00-05:00,2018,1,3,295.3500061035156,292.75,333.9800109863281,275.8999938964844,263449400,424926346,125501998884.64459,125.50199888464459,,,,,,,,51.802475,51.061813,12.375327,20.678291,,,,99.81734049243533,,Communication Services,Entertainment,United States,14000,2018-Q1
NFLX,NETFLIX INC,2018-04-01 00:00:00-04:00,2018,2,4,312.4599914550781,291.94000244140625,338.82000732421875,271.2200012207031,262006000,424926346,132772482440.19757,132.77248244019756,,,,,,,,51.802475,51.061813,12.375327,20.678291,,,,105.29566210263108,,Communication Services,Entertainment,United States,14000,2018-Q2
NFLX,NETFLIX INC,2018-05-01 00:00:00-04:00,2018,2,5,351.6000061035156,310.3599853515625,356.1000061035156,305.7300109863281,142050800,424926346,149404105847.1446,149.4041058471446,,,,,,,,51.802475,51.061813,12.375327,20.678291,,,,115.61292102259988,,Communication Services,Entertainment,United States,14000,2018-Q2
NFLX,NETFLIX INC,2018-06-01 00:00:00-04:00,2018,2,6,391.42999267578125,353.8800048828125,423.2099914550781,352.82000732421875,244031800,424926346,166328916502.5265,166.32891650252648,,,,,,,,51.802475,51.061813,12.375327,20.678291,,,,161.98379163486263,,Communication Services,Entertainment,United States,14000,2018-Q2
NFLX,NETFLIX INC,2018-07-01 00:00:00-04:00,2018,3,7,337.45001220703125,385.45001220703125,419.7699890136719,328.0,305393800,424926346,143391400644.78918,143.39140064478917,,,,,,,,51.802475,51.061813,12.375327,20.678291,,,,85.75911340104005,,Communication Services,Entertainment,United States,14000,2018-Q3
NFLX,NETFLIX INC,2018-08-01 00:00:00-04:00,2018,3,8,367.67999267578125,335.8699951171875,376.80999755859375,310.92999267578125,213122300,424926346,156236915785.0265,156.2369157850265,,,,,,,,51.802475,51.061813,12.375327,20.678291,,,,110.4515932381322,,Communication Services,Entertainment,United States,14000,2018-Q3
NFLX,NETFLIX INC,2018-09-01 00:00:00-04:00,2018,3,9,374.1300048828125,366.4700012207031,383.20001220703125,335.8299865722656,170832100,424926346,158977695903.81567,158.9776959038157,,,,,,,,51.802475,51.061813,12.375327,20.678291,,,,106.30272527769145,,Communication Services,Entertainment,United States,14000,2018-Q3
NFLX,NETFLIX INC,2018-10-01 00:00:00-04:00,2018,4,10,301.7799987792969,375.8500061035156,386.79998779296875,271.2099914550781,363589800,424926346,128234272177.17108,128.23427217717108,,,,,,,,51.802475,51.061813,12.375327,20.678291,,,,53.63234232635834,,Communication Services,Entertainment,United States,14000,2018-Q4
NFLX,NETFLIX INC,2018-11-01 00:00:00-04:00,2018,4,11,286.1300048828125,304.5899963378906,332.04998779296875,250.0,257126400,424926346,121584177455.81567,121.58417745581568,,,,,,,,51.802475,51.061813,12.375327,20.678291,,,,52.537585078241754,,Communication Services,Entertainment,United States,14000,2018-Q4
NFLX,NETFLIX INC,2018-12-01 00:00:00-05:00,2018,4,12,267.6600036621094,293.19000244140625,298.7200012207031,231.22999572753906,234310000,424926346,113735787326.48676,113.73578732648676,,,,,,,,51.802475,51.061813,12.375327,20.678291,,,,39.43529605157783,,Communication Services,Entertainment,United States,14000,2018-Q4
NFLX,NETFLIX INC,2019-01-01 00:00:00-05:00,2019,1,1,339.5,259.2799987792969,358.8500061035156,256.5799865722656,306616400,424926346,144262494467.0,144.262494467,,,,,,,,51.802475,51.061813,12.375327,20.678291,,,,25.601189542055657,,Communication Services,Entertainment,United States,14000,2019-Q1
NFLX,NETFLIX INC,2019-02-01 00:00:00-05:00,2019,1,2,358.1000061035156,337.17999267578125,371.489990234375,336.5,148192100,424926346,152166127096.1446,152.1661270961446,,,,,,,,51.802475,51.061813,12.375327,20.678291,,,,22.89793400461251,,Communication Services,Entertainment,United States,14000,2019-Q1
NFLX,NETFLIX INC,2019-03-01 00:00:00-05:00,2019,1,3,356.55999755859375,362.260009765625,379.0,342.4700012207031,144843100,424926346,151511736892.34216,151.51173689234216,,,,,,,,51.802475,51.061813,12.375327,20.678291,,,,20.72456075508764,,Communication Services,Entertainment,United States,14000,2019-Q1
NFLX,NETFLIX INC,2019-04-01 00:00:00-04:00,2019,2,4,370.5400085449219,359.0,384.79998779296875,342.2699890136719,165079400,424926346,157452211877.80243,157.45221187780243,,,,,,,,51.802475,51.061813,12.375327,20.678291,,,,18.587985239125835,,Communication Services,Entertainment,United States,14000,2019-Q2
NFLX,NETFLIX INC,2019-05-01 00:00:00-04:00,2019,2,5,343.2799987792969,374.0,385.989990234375,341.3900146484375,125298300,424926346,145868715536.17108,145.8687155361711,,,,,,,,51.802475,51.061813,12.375327,20.678291,,,,-2.3663274117717847,,Communication Services,Entertainment,United States,14000,2019-Q2
NFLX,NETFLIX INC,2019-06-01 00:00:00-04:00,2019,2,6,367.32000732421875,343.55999755859375,375.0,332.6499938964844,111052000,424926346,156083948524.9735,156.08394852497352,,,,,,,,51.802475,51.061813,12.375327,20.678291,,,,-6.159462944254413,,Communication Services,Entertainment,United States,14000,2019-Q2
NFLX,NETFLIX INC,2019-07-01 00:00:00-04:00,2019,3,7,322.989990234375,373.5,384.760009765625,305.80999755859375,196652500,424926346,137246956344.86865,137.24695634486866,,,,,,,,51.802475,51.061813,12.375327,20.678291,,,,-4.2850856273742854,,Communication Services,Entertainment,United States,14000,2019-Q3
NFLX,NETFLIX INC,2019-08-01 00:00:00-04:00,2019,3,8,293.75,324.25,328.5799865722656,287.20001220703125,137076700,424926346,124822114137.5,124.8221141375,,,,,,,,51.802475,51.061813,12.375327,20.678291,,,,-20.107156807134842,,Communication Services,Entertainment,United States,14000,2019-Q3
NFLX,NETFLIX INC,2019-09-01 00:00:00-04:00,2019,3,9,267.6199951171875,290.82000732421875,301.54998779296875,252.27999877929688,175411300,424926346,113718786641.68433,113.71878664168433,,,,,,,,51.802475,51.061813,12.375327,20.678291,,,,-28.468716322013996,,Communication Services,Entertainment,United States,14000,2019-Q3
NFLX,NETFLIX INC,2019-10-01 00:00:00-04:00,2019,4,10,287.4100036621094,267.3500061035156,308.75,257.010009765625,231556400,424926346,122128082659.98676,122.12808265998676,,,,,,,,51.802475,51.061813,12.375327,20.678291,,,,-4.761745369247228,,Communication Services,Entertainment,United States,14000,2019-Q4
NFLX,NETFLIX INC,2019-11-01 00:00:00-04:00,2019,4,11,314.6600036621094,288.70001220703125,316.82000732421875,281.1400146484375,113645900,424926346,133707325588.48676,133.70732558848675,,,,,,,,51.802475,51.061813,12.375327,20.678291,,,,9.970991609559299,,Communication Services,Entertainment,United States,14000,2019-Q4
NFLX,NETFLIX INC,2019-12-01 00:00:00-05:00,2019,4,12,323.57000732421875,314.3900146484375,338.0,292.0199890136719,124723600,424926346,137493420887.4735,137.49342088747352,,,,,,,,51.802475,51.061813,12.375327,20.678291,,,,20.888441641318025,,Communication Services,Entertainment,United States,14000,2019-Q4
NFLX,NETFLIX INC,2020-01-01 00:00:00-05:00,2020,1,1,345.0899963378906,326.1000061035156,359.8500061035156,321.20001220703125,169874000,424926346,146637831185.01324,146.63783118501325,,,,,,,,51.802475,51.061813,12.375327,20.678291,,,,1.6465379493050492,,Communication Services,Entertainment,United States,14000,2020-Q1
NFLX,NETFLIX INC,2020-02-01 00:00:00-05:00,2020,1,2,369.0299987792969,347.239990234375,392.95001220703125,346.2799987792969,114056000,424926346,156810568945.67108,156.8105689456711,,,,,,,,51.802475,51.061813,12.375327,20.678291,,,,3.052217952942926,,Communication Services,Entertainment,United States,14000,2020-Q1
NFLX,NETFLIX INC,2020-03-01 00:00:00-05:00,2020,1,3,375.5,373.1099853515625,393.5199890136719,290.25,201979100,424926346,159559842923.0,159.559842923,,,,,,,,51.802475,51.061813,12.375327,20.678291,,,,5.3118696912414665,,Communication Services,Entertainment,United States,14000,2020-Q1
NFLX,NETFLIX INC,2020-04-01 00:00:00-04:00,2020,2,4,419.8500061035156,376.04998779296875,449.5199890136719,357.510009765625,225111600,424926346,178405328961.6446,178.40532896164459,,,,,,,,51.802475,51.061813,12.375327,20.678291,,,,13.307604151095532,,Communication Services,Entertainment,United States,14000,2020-Q2
NFLX,NETFLIX INC,2020-05-01 00:00:00-04:00,2020,2,5,419.7300109863281,415.1000061035156,458.9700012207031,397.8599853515625,135055800,424926346,178354339874.96027,178.35433987496026,,,,,,,,51.802475,51.061813,12.375327,20.678291,,,,22.270453413798474,,Communication Services,Entertainment,United States,14000,2020-Q2
NFLX,NETFLIX INC,2020-06-01 00:00:00-04:00,2020,2,6,455.0400085449219,418.8299865722656,474.010009765625,404.25,117279900,424926346,193358488114.80243,193.35848811480244,,,,,,,,51.802475,51.061813,12.375327,20.678291,,,,23.88108446901891,,Communication Services,Entertainment,United States,14000,2020-Q2
NFLX,NETFLIX INC,2020-07-01 00:00:00-04:00,2020,3,7,488.8800048828125,454.0,575.3699951171875,454.0,232206300,424926346,207737994107.31567,207.73799410731567,,,,,,,,51.802475,51.061813,12.375327,20.678291,,,,51.360729330361224,,Communication Services,Entertainment,United States,14000,2020-Q3
NFLX,NETFLIX INC,2020-08-01 00:00:00-04:00,2020,3,8,529.5599975585938,490.8599853515625,549.0399780273438,466.54998779296875,116261900,424926346,225023994750.34216,225.02399475034215,,,,,,,,51.802475,51.061813,12.375327,20.678291,,,,80.27574384973404,,Communication Services,Entertainment,United States,14000,2020-Q3
NFLX,NETFLIX INC,2020-09-01 00:00:00-04:00,2020,3,9,500.0299987792969,532.5999755859375,557.3900146484375,458.6000061035156,118796900,424926346,212475920271.67108,212.47592027167107,,,,,,,,51.802475,51.061813,12.375327,20.678291,,,,86.84328820809517,,Communication Services,Entertainment,United States,14000,2020-Q3
NFLX,NETFLIX INC,2020-10-01 00:00:00-04:00,2020,4,10,475.739990234375,506.0299987792969,572.489990234375,472.2099914550781,154302400,424926346,202154455696.36865,202.15445569636864,,,,,,,,51.802475,51.061813,12.375327,20.678291,,,,65.5265941242859,,Communication Services,Entertainment,United States,14000,2020-Q4
NFLX,NETFLIX INC,2020-11-01 00:00:00-04:00,2020,4,11,490.70001220703125,478.8699951171875,518.72998046875,463.4100036621094,91788900,424926346,208511363169.28918,208.51136316928918,,,,,,,,51.802475,51.061813,12.375327,20.678291,,,,55.94610261746469,,Communication Services,Entertainment,United States,14000,2020-Q4
NFLX,NETFLIX INC,2020-12-01 00:00:00-05:00,2020,4,12,540.72998046875,492.3399963378906,545.5,491.2900085449219,77564100,424926346,229770414773.2373,229.7704147732373,,,,,,,,51.802475,51.061813,12.375327,20.678291,,,,67.11375227276115,,Communication Services,Entertainment,United States,14000,2020-Q4
NFLX,NETFLIX INC,2021-01-01 00:00:00-05:00,2021,1,1,532.3900146484375,539.0,593.2899780273438,485.6700134277344,139988600,424926346,226226543571.44702,226.22654357144702,,,,,,,,51.802475,51.061813,12.375327,20.678291,,,,54.275702077192165,,Communication Services,Entertainment,United States,14000,2021-Q1
NFLX,NETFLIX INC,2021-02-01 00:00:00-05:00,2021,1,2,538.8499755859375,536.7899780273438,566.6500244140625,518.280029296875,61902300,424926346,228971551167.92163,228.97155116792163,,,,,,,,51.802475,51.061813,12.375327,20.678291,,,,46.017932788223995,,Communication Services,Entertainment,United States,14000,2021-Q1
NFLX,NETFLIX INC,2021-03-01 00:00:00-05:00,2021,1,3,521.6599731445312,545.5700073242188,556.989990234375,492.8500061035156,90183900,424926346,221667066242.7638,221.66706624276378,,,,,,,,51.802475,51.061813,12.375327,20.678291,,,,38.924094046479695,,Communication Services,Entertainment,United States,14000,2021-Q1
NFLX,NETFLIX INC,2021-04-01 00:00:00-04:00,2021,2,4,513.469970703125,529.9299926757812,563.5599975585938,499.0,111573300,424926346,218186918431.60596,218.18691843160596,,,,,,,,51.802475,51.061813,12.375327,20.678291,,,,22.298431163182354,,Communication Services,Entertainment,United States,14000,2021-Q2
NFLX,NETFLIX INC,2021-05-01 00:00:00-04:00,2021,2,5,502.80999755859375,512.6500244140625,518.9500122070312,478.5400085449219,66927600,424926346,213657214994.84216,213.65721499484215,,,,,,,,51.802475,51.061813,12.375327,20.678291,,,,19.79367317029226,,Communication Services,Entertainment,United States,14000,2021-Q2
NFLX,NETFLIX INC,2021-06-01 00:00:00-04:00,2021,2,6,528.2100219726562,504.010009765625,536.1300048828125,482.1400146484375,78560600,424926346,224450354557.42053,224.45035455742052,,,,,,,,51.802475,51.061813,12.375327,20.678291,,,,16.079907712227246,,Communication Services,Entertainment,United States,14000,2021-Q2
NFLX,NETFLIX INC,2021-07-01 00:00:00-04:00,2021,3,7,517.5700073242188,525.719970703125,557.5399780273438,504.6600036621094,77221200,424926346,219929132011.4735,219.9291320114735,,,,,,,,51.802475,51.061813,12.375327,20.678291,,,,5.868516231970555,,Communication Services,Entertainment,United States,14000,2021-Q3
NFLX,NETFLIX INC,2021-08-01 00:00:00-04:00,2021,3,8,569.1900024414062,519.0,569.47998046875,505.3699951171875,54747700,424926346,241863827917.15784,241.86382791715783,,,,,,,,51.802475,51.061813,12.375327,20.678291,,,,7.483572223264012,,Communication Services,Entertainment,United States,14000,2021-Q3
NFLX,NETFLIX INC,2021-09-01 00:00:00-04:00,2021,3,9,610.3400268554688,569.0,619.0,568.0800170898438,82317500,424926346,259349557429.2362,259.3495574292362,,,,,,,,51.802475,51.061813,12.375327,20.678291,,,,22.060682028171776,,Communication Services,Entertainment,United States,14000,2021-Q3
NFLX,NETFLIX INC,2021-10-01 00:00:00-04:00,2021,4,10,690.3099975585938,604.239990234375,690.969970703125,594.6799926757812,98576300,424926346,293330904869.84216,293.3309048698422,,,,,,,,51.802475,51.061813,12.375327,20.678291,,,,45.102369304398835,,Communication Services,Entertainment,United States,14000,2021-Q4
NFLX,NETFLIX INC,2021-11-01 00:00:00-04:00,2021,4,11,641.9000244140625,689.0599975585938,700.989990234375,640.010009765625,64530200,424926346,272760231871.57837,272.76023187157836,,,,,,,,51.802475,51.061813,12.375327,20.678291,,,,30.813125829562527,,Communication Services,Entertainment,United States,14000,2021-Q4
NFLX,NETFLIX INC,2021-12-01 00:00:00-05:00,2021,4,12,602.4400024414062,649.47998046875,654.52001953125,581.739990234375,59975300,424926346,255992628921.65784,255.99262892165783,,,,,,,,51.802475,51.061813,12.375327,20.678291,,,,11.412354447068163,,Communication Services,Entertainment,United States,14000,2021-Q4
NFLX,NETFLIX INC,2022-01-01 00:00:00-05:00,2022,1,1,427.1400146484375,605.6099853515625,609.989990234375,351.4599914550781,241662000,424926346,181503045654.94702,181.50304565494702,,,,,,,,51.802475,51.061813,12.375327,20.678291,,,,-19.76934147976115,,Communication Services,Entertainment,United States,14000,2022-Q1
NFLX,NETFLIX INC,2022-02-01 00:00:00-05:00,2022,1,2,394.5199890136719,432.9599914550781,458.4800109863281,354.7200012207031,151010700,424926346,167641937355.53973,167.64193735553974,,,,,,,,51.802475,51.061813,12.375327,20.678291,,,,-26.784818244692932,,Communication Services,Entertainment,United States,14000,2022-Q1
NFLX,NETFLIX INC,2022-03-01 00:00:00-05:00,2022,1,3,374.5899963378906,391.6000061035156,396.5,329.82000732421875,119491900,424926346,159173158392.01324,159.17315839201325,,,,,,,,51.802475,51.061813,12.375327,20.678291,,,,-28.192689563685068,,Communication Services,Entertainment,United States,14000,2022-Q1
NFLX,NETFLIX INC,2022-04-01 00:00:00-04:00,2022,2,4,190.36000061035156,376.79998779296875,396.0199890136719,185.60000610351562,403325400,424926346,80888979483.91446,80.88897948391445,,,,,,,,51.802475,51.061813,12.375327,20.678291,,,,-62.92675103284419,,Communication Services,Entertainment,United States,14000,2022-Q2
NFLX,NETFLIX INC,2022-05-01 00:00:00-04:00,2022,2,5,197.44000244140625,191.7100067138672,204.3800048828125,162.7100067138672,251615800,424926346,83897458791.65784,83.89745879165784,,,,,,,,51.802475,51.061813,12.375327,20.678291,,,,-60.73268164911576,,Communication Services,Entertainment,United States,14000,2022-Q2
NFLX,NETFLIX INC,2022-06-01 00:00:00-04:00,2022,2,6,174.8699951171875,198.6999969482422,207.3800048828125,164.27999877929688,192552700,424926346,74306868050.18433,74.30686805018432,,,,,,,,51.802475,51.061813,12.375327,20.678291,,,,-66.89385133888278,,Communication Services,Entertainment,United States,14000,2022-Q2
NFLX,NETFLIX INC,2022-07-01 00:00:00-04:00,2022,3,7,224.89999389648438,176.49000549316406,230.75,169.6999969482422,270083700,424926346,95565932621.85541,95.56593262185541,,,,,,,,51.802475,51.061813,12.375327,20.678291,,,,-56.54694230463756,,Communication Services,Entertainment,United States,14000,2022-Q3
NFLX,NETFLIX INC,2022-08-01 00:00:00-04:00,2022,3,8,223.55999755859375,223.10000610351562,251.99000549316406,218.74000549316406,152258300,424926346,94996532874.34216,94.99653287434217,,,,,,,,51.802475,51.061813,12.375327,20.678291,,,,-60.72313347042536,,Communication Services,Entertainment,United States,14000,2022-Q3
NFLX,NETFLIX INC,2022-09-01 00:00:00-04:00,2022,3,9,235.44000244140625,220.72000122070312,250.49000549316406,214.69000244140625,233920700,424926346,100044659939.65784,100.04465993965783,,,,,,,,51.802475,51.061813,12.375327,20.678291,,,,-61.424780928359546,,Communication Services,Entertainment,United States,14000,2022-Q3
NFLX,NETFLIX INC,2022-10-01 00:00:00-04:00,2022,4,10,291.8800048828125,237.85000610351562,305.6300048828125,211.72999572753906,335263800,424926346,124027503945.31567,124.02750394531567,,,,,,,,51.802475,51.061813,12.375327,20.678291,,,,-57.71754633206836,,Communication Services,Entertainment,United States,14000,2022-Q4
NFLX,NETFLIX INC,2022-11-01 00:00:00-04:00,2022,4,11,305.5299987792969,296.1700134277344,312.7099914550781,252.08999633789062,185683000,424926346,129827745974.67108,129.82774597467107,,,,,,,,51.802475,51.061813,12.375327,20.678291,,,,-52.402245340590234,,Communication Services,Entertainment,United States,14000,2022-Q4
NFLX,NETFLIX INC,2022-12-01 00:00:00-05:00,2022,4,12,294.8800048828125,303.989990234375,332.7200012207031,273.4100036621094,193080900,424926346,125302282983.31567,125.30228298331568,,,,,,,,51.802475,51.061813,12.375327,20.678291,,,,-51.05238634755289,,Communication Services,Entertainment,United States,14000,2022-Q4
NFLX,NETFLIX INC,2023-01-01 00:00:00-05:00,2023,1,1,353.8599853515625,298.05999755859375,369.0199890136719,288.70001220703125,206417400,424926346,150364430571.05298,150.364430571053,,,,,,,,51.802475,51.061813,12.375327,20.678291,,,,-17.1559738689406,,Communication Services,Entertainment,United States,14000,2023-Q1
NFLX,NETFLIX INC,2023-02-01 00:00:00-05:00,2023,1,2,322.1300048828125,353.8599853515625,379.42999267578125,314.29998779296875,123374100,424926346,136881525911.81567,136.8815259118157,,,,,,,,51.802475,51.061813,12.375327,20.678291,,,,-18.348876139797,,Communication Services,Entertainment,United States,14000,2023-Q1
NFLX,NETFLIX INC,2023-03-01 00:00:00-05:00,2023,1,3,345.4800109863281,321.54998779296875,345.8399963378906,285.3299865722656,157555400,424926346,146803558684.46027,146.80355868446026,,,,,,,,51.802475,51.061813,12.375327,20.678291,,,,-7.771159303812391,,Communication Services,Entertainment,United States,14000,2023-Q1
NFLX,NETFLIX INC,2023-04-01 00:00:00-04:00,2023,2,4,329.92999267578125,341.8299865722656,349.79998779296875,316.1000061035156,127991000,424926346,140195946223.5265,140.19594622352648,,,,,,,,51.802475,51.061813,12.375327,20.678291,,,,73.3189701712157,,Communication Services,Entertainment,United States,14000,2023-Q2
NFLX,NETFLIX INC,2023-05-01 00:00:00-04:00,2023,2,5,395.2300109863281,329.44000244140625,405.1099853515625,315.6199951171875,145485000,424926346,167943644397.96027,167.94364439796027,,,,,,,,51.802475,51.061813,12.375327,20.678291,,,,100.17727213289488,,Communication Services,Entertainment,United States,14000,2023-Q2
NFLX,NETFLIX INC,2023-06-01 00:00:00-04:00,2023,2,6,440.489990234375,397.4100036621094,448.6499938964844,393.0799865722656,147253200,424926346,187175801999.86865,187.17580199986864,,,,,,,,51.802475,51.061813,12.375327,20.678291,,,,151.89569539313177,,Communication Services,Entertainment,United States,14000,2023-Q2
NFLX,NETFLIX INC,2023-07-01 00:00:00-04:00,2023,3,7,438.9700012207031,439.760009765625,485.0,411.8800048828125,168612000,424926346,186529918622.32892,186.52991862232892,,,,,,,,51.802475,51.061813,12.375327,20.678291,,,,95.18453229605225,,Communication Services,Entertainment,United States,14000,2023-Q3
NFLX,NETFLIX INC,2023-08-01 00:00:00-04:00,2023,3,8,433.67999267578125,437.3699951171875,445.25,398.1499938964844,107303100,424926346,184282054621.0265,184.28205462102648,,,,,,,,51.802475,51.061813,12.375327,20.678291,,,,93.98818993192926,,Communication Services,Entertainment,United States,14000,2023-Q3
NFLX,NETFLIX INC,2023-09-01 00:00:00-04:00,2023,3,9,377.6000061035156,437.7300109863281,453.45001220703125,371.1000061035156,100292500,424926346,160452190843.1446,160.4521908431446,,,,,,,,51.802475,51.061813,12.375327,20.678291,,,,60.3805649796018,,Communication Services,Entertainment,United States,14000,2023-Q3
NFLX,NETFLIX INC,2023-10-01 00:00:00-04:00,2023,4,10,411.69000244140625,377.4800109863281,418.8399963378906,344.7300109863281,164040600,424926346,174937928422.15784,174.93792842215782,,,,,,,,51.802475,51.061813,12.375327,20.678291,,,,41.04768930872689,,Communication Services,Entertainment,United States,14000,2023-Q4
NFLX,NETFLIX INC,2023-11-01 00:00:00-04:00,2023,4,11,473.9700012207031,414.7699890136719,482.70001220703125,414.17999267578125,71743700,424926346,201402340732.32892,201.40234073232892,,,,,,,,51.802475,51.061813,12.375327,20.678291,,,,55.13043010977159,,Communication Services,Entertainment,United States,14000,2023-Q4
NFLX,NETFLIX INC,2023-12-01 00:00:00-05:00,2023,4,12,486.8800048828125,473.1700134277344,500.8900146484375,445.7300109863281,80423000,424926346,206888141415.31567,206.8881414153157,,,,,,,,51.802475,51.061813,12.375327,20.678291,,,,65.1112306093125,,Communication Services,Entertainment,United States,14000,2023-Q4
NFLX,NETFLIX INC,2024-01-01 00:00:00-05:00,2024,1,1,564.1099853515625,483.19000244140625,579.6400146484375,461.8599853515625,145921700,424926346,239705194817.55298,239.70519481755298,,,,,,,,51.802475,51.061813,12.375327,20.678291,,,,59.41615574055796,260.0,Communication Services,Entertainment,United States,14000,2024-Q1
NFLX,NETFLIX INC,2024-02-01 00:00:00-05:00,2024,1,2,602.9199829101562,567.02001953125,605.3599853515625,549.0,71646500,424926346,256196585268.39514,256.19658526839515,,,,,,,,51.802475,51.061813,12.375327,20.678291,,,,87.16666369824576,260.0,Communication Services,Entertainment,United States,14000,2024-Q1
NFLX,NETFLIX INC,2024-03-01 00:00:00-05:00,2024,1,3,607.3300170898438,599.8099975585938,634.3900146484375,592.0,60151100,424926346,258070524978.10486,258.07052497810486,,,,,,,,51.802475,51.061813,12.375327,20.678291,,,,75.79309881227194,260.0,Communication Services,Entertainment,United States,14000,2024-Q1
NFLX,NETFLIX INC,2024-04-01 00:00:00-04:00,2024,2,4,550.6400146484375,608.0,639.0,542.010009765625,94010300,424926346,233981449385.94702,233.98144938594703,9559310000.0,9559.31,4385167000.0,2147306000.0,2602837000.0,6532759000.0,6.11920340971124,51.802475,51.061813,12.375327,20.678291,,,,66.89601638901186,,Communication Services,Entertainment,United States,14000,2024-Q2
NFLX,NETFLIX INC,2024-05-01 00:00:00-04:00,2024,2,5,641.6199951171875,547.8400268554688,664.25,544.25,68999300,424926346,272641240045.68433,272.6412400456843,9559310000.0,9559.31,4385167000.0,2147306000.0,2602837000.0,6532759000.0,7.130254172259408,51.802475,51.061813,12.375327,20.678291,,0.0,,62.340909668264686,,Communication Services,Entertainment,United States,14000,2024-Q2
NFLX,NETFLIX INC,2024-06-01 00:00:00-04:00,2024,2,6,674.8800048828125,645.219970703125,689.8800048828125,626.4400024414062,54210900,424926346,286774294463.3157,286.7742944633157,9559310000.0,9559.31,4385167000.0,2147306000.0,2602837000.0,6532759000.0,7.499869092625819,51.802475,51.061813,12.375327,20.678291,,0.0,,53.211201127118414,,Communication Services,Entertainment,United States,14000,2024-Q2
NFLX,NETFLIX INC,2024-07-01 00:00:00-04:00,2024,3,7,628.3499755859375,674.8900146484375,697.489990234375,617.0,80908700,424926346,267002459134.92163,267.00245913492165,9824703000.0,9824.703,4704819000.0,2363509000.0,2909477000.0,6689912000.0,6.794161083925937,51.802475,51.061813,12.375327,20.678291,,2.776277785739767,,43.1418943979315,,Communication Services,Entertainment,United States,14000,2024-Q3
NFLX,NETFLIX INC,2024-08-01 00:00:00-04:00,2024,3,8,701.3499755859375,629.25,711.3300170898438,587.0399780273438,67317700,424926346,298022082392.92163,298.0220823929216,9824703000.0,9824.703,4704819000.0,2363509000.0,2909477000.0,6689912000.0,7.583488335294248,51.802475,51.061813,12.375327,20.678291,,0.0,2.776277785739767,61.72062060291217,,Communication Services,Entertainment,United States,14000,2024-Q3
NFLX,NETFLIX INC,2024-09-01 00:00:00-04:00,2024,3,9,709.27001953125,700.0999755859375,725.260009765625,660.7999877929688,53102100,424926346,301387517726.7627,301.3875177267627,9824703000.0,9824.703,4704819000.0,2363509000.0,2909477000.0,6689912000.0,7.669125410884245,51.802475,51.061813,12.375327,20.678291,,0.0,2.776277785739767,87.8363368820524,,Communication Services,Entertainment,United States,14000,2024-Q3
NFLX,NETFLIX INC,2024-10-01 00:00:00-04:00,2024,4,10,756.030029296875,713.6400146484375,773.0,677.8800048828125,85336900,424926346,321257077815.39404,321.25707781539404,10246513000.0,10246.513,4479149000.0,1868607000.0,2272766000.0,6567911000.0,7.838205002408967,51.802475,51.061813,12.375327,20.678291,,4.293361336215451,7.1888347589941,83.64060939383072,,Communication Services,Entertainment,United States,14000,2024-Q4
NFLX,NETFLIX INC,2024-11-01 00:00:00-04:00,2024,4,11,886.8099975585938,753.47998046875,908.0,747.77001953125,64161500,424926346,376828931858.84216,376.82893185884217,10246513000.0,10246.513,4479149000.0,1868607000.0,2272766000.0,6567911000.0,9.194077337793896,51.802475,51.061813,12.375327,20.678291,,0.0,4.293361336215451,87.10255823672955,,Communication Services,Entertainment,United States,14000,2024-Q4
NFLX,NETFLIX INC,2024-12-01 00:00:00-05:00,2024,4,12,891.3200073242188,887.510009765625,941.75,884.1199951171875,57207000,424926346,378745353828.9735,378.7453538289735,10246513000.0,10246.513,4479149000.0,1868607000.0,2272766000.0,6567911000.0,9.240835243876953,51.802475,51.061813,12.375327,20.678291,,0.0,4.293361336215451,83.06769602065526,,Communication Services,Entertainment,United States,14000,2024-Q4
NFLX,NETFLIX INC,2025-01-01 00:00:00-05:00,2025,1,1,976.760009765625,895.5,999.0,823.52001953125,90336900,424926346,415051061868.63135,415.05106186863134,10542801000.0,10542.801,5279654000.0,2890351000.0,3346999000.0,7301077000.0,9.842049135439229,51.802475,51.061813,12.375327,20.678291,,2.891598341796864,7.309106443217672,73.15063287824843,302.0,Communication Services,Entertainment,United States,14000,2025-Q1
NFLX,NETFLIX INC,2025-02-01 00:00:00-05:00,2025,1,2,980.5599975585938,973.0,1064.5,955.0,71429300,424926346,416665776796.34216,416.6657767963422,10542801000.0,10542.801,5279654000.0,2890351000.0,3346999000.0,7301077000.0,9.880338649955124,51.802475,51.061813,12.375327,20.678291,,0.0,2.891598341796864,62.63517968431829,302.0,Communication Services,Entertainment,United States,14000,2025-Q1
NFLX,NETFLIX INC,2025-03-01 00:00:00-05:00,2025,1,3,932.530029296875,983.0,998.7000122070312,854.5,113838700,424926346,396256577884.39404,396.25657788439406,10542801000.0,10542.801,5279654000.0,2890351000.0,3346999000.0,7301077000.0,9.396378103987594,51.802475,51.061813,12.375327,20.678291,,0.0,2.891598341796864,53.5458487241087,302.0,Communication Services,Entertainment,United States,14000,2025-Q1
NFLX,NETFLIX INC,2025-04-01 00:00:00-04:00,2025,2,4,1131.719970703125,927.5,1133.199951171875,821.0999755859375,122955100,424926346,480897631846.10596,480.897631846106,11079166000.0,11079.166,5753855000.0,3125413000.0,3774694000.0,7726411000.0,10.851395128615863,51.802475,51.061813,12.375327,20.678291,,5.087499991700506,8.126208398896285,105.5281019534486,,Communication Services,Entertainment,United States,14000,2025-Q2
NFLX,NETFLIX INC,2025-05-01 00:00:00-04:00,2025,2,5,1207.22998046875,1122.52001953125,1215.9100341796875,1102.9300537109375,75207600,424926346,512983824382.2373,512.9838243822373,11079166000.0,11079.166,5753855000.0,3125413000.0,3774694000.0,7726411000.0,11.575416064310195,51.802475,51.061813,12.375327,20.678291,,0.0,5.087499991700506,88.15342253295235,,Communication Services,Entertainment,United States,14000,2025-Q2
NFLX,NETFLIX INC,2025-06-01 00:00:00-04:00,2025,2,6,1339.1300048828125,1201.199951171875,1341.1500244140625,1180.6099853515625,54997200,424926346,569031619793.8157,569.0316197938157,11079166000.0,11079.166,5753855000.0,3125413000.0,3774694000.0,7726411000.0,12.840127582568392,51.802475,51.061813,12.375327,20.678291,,0.0,5.087499991700506,98.42490445621392,,Communication Services,Entertainment,United States,14000,2025-Q2
NFLX,NETFLIX INC,2025-07-01 00:00:00-04:00,2025,3,7,1159.4000244140625,1338.22998046875,1338.77001953125,1157.739990234375,86665100,424926346,492659615926.57837,492.6596159265784,,,,,,,,51.802475,51.061813,12.375327,20.678291,,0.0,5.087499991700506,84.51501065674745,,Communication Services,Entertainment,United States,14000,2025-Q3
NFLX,NETFLIX INC,2025-08-01 00:00:00-04:00,2025,3,8,1208.25,1163.010009765625,1251.1600341796875,1144.7099609375,57823700,424926346,513417257554.5,513.4172575545,,,,,,,,51.802475,51.061813,12.375327,20.678291,,0.0,0.0,72.27490440711526,,Communication Services,Entertainment,United States,14000,2025-Q3
NFLX,NETFLIX INC,2025-09-01 00:00:00-04:00,2025,3,9,1198.9200439453125,1197.0,1267.0999755859375,1173.2099609375,61996800,424926346,509452713419.84106,509.4527134198411,,,,,,,,51.802475,51.061813,12.375327,20.678291,,0.0,0.0,69.03577071221305,,Communication Services,Entertainment,United States,14000,2025-Q3
NFLX,NETFLIX INC,2025-10-01 00:00:00-04:00,2025,4,10,1214.25,1175.489990234375,1217.3900146484375,1134.0,23898552,424926346,515966815630.5,515.9668156305,,,,,,,,51.802475,51.061813,12.375327,20.678291,,0.0,0.0,60.608699779991525,,Communication Services,Entertainment,United States,14000,2025-Q4
