ticker,company_name,date,year,quarter,month,close_price,open_price,high_price,low_price,volume,shares_outstanding,market_cap,market_cap_billions,revenue,revenue_millions,gross_profit,net_income,operating_income,ebitda,ps_ratio,current_pe,forward_pe,current_ps,current_pb,peg_ratio,revenue_qoq_pct,revenue_yoy_pct,market_cap_yoy_pct,sector,industry,country,employees,year_quarter
NICE,NICE LTD - SPON ADR,2015-01-01 00:00:00-05:00,2015,1,1,47.860145568847656,49.15075591737603,50.06005008062525,46.88241023027984,3098800,61741703,2954966893.248558,2.954966893248558,,,,,,,,16.51135,11.355793,3.061981,2.3023355,,,,,Technology,Software - Application,Israel,8726,2015-Q1
NICE,NICE LTD - SPON ADR,2015-02-01 00:00:00-05:00,2015,1,2,57.070404052734375,47.70370253444367,58.3121282363567,47.136614313519694,3969300,61741703,3523623937.113922,3.523623937113922,,,,,,,,16.51135,11.355793,3.061981,2.3023355,,,,,Technology,Software - Application,Israel,8726,2015-Q1
NICE,NICE LTD - SPON ADR,2015-03-01 00:00:00-05:00,2015,1,3,59.74904251098633,58.297728624191436,60.71985203259939,56.866027542175395,4650800,61741703,3689007637.247692,3.689007637247692,,,,,,,,16.51135,11.355793,3.061981,2.3023355,,,,,Technology,Software - Application,Israel,8726,2015-Q1
NICE,NICE LTD - SPON ADR,2015-04-01 00:00:00-04:00,2015,2,4,58.689979553222656,60.43548195104429,60.51392943749403,57.02293212337157,3807500,61741703,3623619286.651146,3.623619286651146,,,,,,,,16.51135,11.355793,3.061981,2.3023355,,,,,Technology,Software - Application,Israel,8726,2015-Q2
NICE,NICE LTD - SPON ADR,2015-05-01 00:00:00-04:00,2015,2,5,61.4847412109375,58.81745940689618,65.84849148156796,57.80742419761301,4963800,61741703,3796172630.8775635,3.7961726308775634,,,,,,,,16.51135,11.355793,3.061981,2.3023355,,,,,Technology,Software - Application,Israel,8726,2015-Q2
NICE,NICE LTD - SPON ADR,2015-06-01 00:00:00-04:00,2015,2,6,62.50851821899414,62.950865770830355,67.21705132683658,61.741784962358224,3727400,61741703,3859382366.847225,3.859382366847225,,,,,,,,16.51135,11.355793,3.061981,2.3023355,,,,,Technology,Software - Application,Israel,8726,2015-Q2
NICE,NICE LTD - SPON ADR,2015-07-01 00:00:00-04:00,2015,3,7,63.4620246887207,63.30474971099117,64.22875801680028,60.719477111428105,3923500,61741703,3918253480.109661,3.918253480109661,,,,,,,,16.51135,11.355793,3.061981,2.3023355,,,,,Technology,Software - Application,Israel,8726,2015-Q3
NICE,NICE LTD - SPON ADR,2015-08-01 00:00:00-04:00,2015,3,8,60.51304244995117,64.09113214830882,66.41099592235473,56.97426586672478,4042300,61741703,3736178294.5712776,3.736178294571278,,,,,,,,16.51135,11.355793,3.061981,2.3023355,,,,,Technology,Software - Application,Israel,8726,2015-Q3
NICE,NICE LTD - SPON ADR,2015-09-01 00:00:00-04:00,2015,3,9,55.505985260009766,59.36864021317879,60.42298754778842,52.283819605671155,4021300,61741703,3427034056.6459007,3.4270340566459008,,,,,,,,16.51135,11.355793,3.061981,2.3023355,,,,,Technology,Software - Application,Israel,8726,2015-Q3
NICE,NICE LTD - SPON ADR,2015-10-01 00:00:00-04:00,2015,4,10,60.915672302246094,55.21036980886064,61.58572529415808,53.74216822282875,4333400,61741703,3761037347.3306046,3.7610373473306047,,,,,,,,16.51135,11.355793,3.061981,2.3023355,,,,,Technology,Software - Application,Israel,8726,2015-Q4
NICE,NICE LTD - SPON ADR,2015-11-01 00:00:00-04:00,2015,4,11,60.57080078125,61.48719678080517,63.97033020532812,59.12230315119928,2787000,61741703,3739744392.3081055,3.7397443923081055,,,,,,,,16.51135,11.355793,3.061981,2.3023355,,,,,Technology,Software - Application,Israel,8726,2015-Q4
NICE,NICE LTD - SPON ADR,2015-12-01 00:00:00-05:00,2015,4,12,56.62636947631836,61.15094863312766,62.23763600839979,55.86568680621365,3492100,61741703,3496208486.1751137,3.4962084861751137,,,,,,,,16.51135,11.355793,3.061981,2.3023355,,,,,Technology,Software - Application,Israel,8726,2015-Q4
NICE,NICE LTD - SPON ADR,2016-01-01 00:00:00-05:00,2016,1,1,59.79752731323242,55.361862761609366,59.8469252797537,54.433235257924025,2974200,61741703,3692001171.507984,3.692001171507984,,,,,,,,16.51135,11.355793,3.061981,2.3023355,,,,24.942217794161593,Technology,Software - Application,Israel,8726,2016-Q1
NICE,NICE LTD - SPON ADR,2016-02-01 00:00:00-05:00,2016,1,2,59.194908142089844,60.12353564330398,62.850135311328565,53.46509451469345,4363300,61741703,3654794437.621193,3.654794437621193,,,,,,,,16.51135,11.355793,3.061981,2.3023355,,,,3.722602151883092,Technology,Software - Application,Israel,8726,2016-Q1
NICE,NICE LTD - SPON ADR,2016-03-01 00:00:00-05:00,2016,1,3,64.17809295654297,59.938512767468275,65.65401856319217,58.7795646244754,2976400,61741703,3962464754.429268,3.9624647544292677,,,,,,,,16.51135,11.355793,3.061981,2.3023355,,,,7.412755517784664,Technology,Software - Application,Israel,8726,2016-Q1
NICE,NICE LTD - SPON ADR,2016-04-01 00:00:00-04:00,2016,2,4,63.24696350097656,63.890826050159,64.8615737091732,60.86963270584655,2683400,61741703,3904975236.129135,3.904975236129135,,,,,,,,16.51135,11.355793,3.061981,2.3023355,,,,7.764500826962184,Technology,Software - Application,Israel,8726,2016-Q2
NICE,NICE LTD - SPON ADR,2016-05-01 00:00:00-04:00,2016,2,5,63.385650634765625,63.019142364511204,66.61486003089792,62.26632181711118,2900000,61741703,3913538015.9534607,3.9135380159534607,,,,,,,,16.51135,11.355793,3.061981,2.3023355,,,,3.0916767093588593,Technology,Software - Application,Israel,8726,2016-Q2
NICE,NICE LTD - SPON ADR,2016-06-01 00:00:00-04:00,2016,2,6,63.39936828613281,63.22063835798597,64.78948910776947,58.653105008793254,2944800,61741703,3914384967.110031,3.9143849671100313,,,,,,,,16.51135,11.355793,3.061981,2.3023355,,,,1.425165869422207,Technology,Software - Application,Israel,8726,2016-Q2
NICE,NICE LTD - SPON ADR,2016-07-01 00:00:00-04:00,2016,3,7,68.16549682617188,63.71711157022724,68.9697777406991,62.53551148560813,2628400,61741703,4208653859.8889465,4.208653859888947,,,,,,,,16.51135,11.355793,3.061981,2.3023355,,,,7.411475067997841,Technology,Software - Application,Israel,8726,2016-Q3
NICE,NICE LTD - SPON ADR,2016-08-01 00:00:00-04:00,2016,3,8,67.94705963134766,67.30164545273598,68.20522681790243,66.35835305168469,2478200,61741703,4195167175.4819565,4.195167175481957,,,,,,,,16.51135,11.355793,3.061981,2.3023355,,,,12.284983336517863,Technology,Software - Application,Israel,8726,2016-Q3
NICE,NICE LTD - SPON ADR,2016-09-01 00:00:00-04:00,2016,3,9,66.62523651123047,67.77977799932445,68.50634872737702,63.709013681970994,2943100,61741703,4113555564.981148,4.113555564981148,,,,,,,,16.51135,11.355793,3.061981,2.3023355,,,,20.032526580933883,Technology,Software - Application,Israel,8726,2016-Q3
NICE,NICE LTD - SPON ADR,2016-10-01 00:00:00-04:00,2016,4,10,66.1574478149414,66.75462499279209,67.35180217064277,65.6100309723584,1728200,61741703,4084673494.2281113,4.084673494228111,,,,,,,,16.51135,11.355793,3.061981,2.3023355,,,,8.60497030499332,Technology,Software - Application,Israel,8726,2016-Q4
NICE,NICE LTD - SPON ADR,2016-11-01 00:00:00-04:00,2016,4,11,65.48064422607422,66.47594204207743,69.4618354900871,63.87821413482745,2701500,61741703,4042886488.0549393,4.042886488054939,,,,,,,,16.51135,11.355793,3.061981,2.3023355,,,,8.105957625615678,Technology,Software - Application,Israel,8726,2016-Q4
NICE,NICE LTD - SPON ADR,2016-12-01 00:00:00-05:00,2016,4,12,68.60136413574219,65.14934770571105,68.780949157503,63.572991138231984,1985200,61741703,4235565049.863846,4.235565049863846,,,,,,,,16.51135,11.355793,3.061981,2.3023355,,,,21.147381988583746,Technology,Software - Application,Israel,8726,2016-Q4
NICE,NICE LTD - SPON ADR,2017-01-01 00:00:00-05:00,2017,1,1,70.0180892944336,68.87074091629765,70.32737166326073,65.43867484237246,5158300,61741703,4323036073.8443985,4.323036073844398,,,,,,,,16.51135,11.355793,3.061981,2.3023355,,,,17.091947510912362,Technology,Software - Application,Israel,8726,2017-Q1
NICE,NICE LTD - SPON ADR,2017-02-01 00:00:00-05:00,2017,1,2,68.09253692626953,70.45707171802042,70.67655775083686,67.02500588259312,3952400,61741703,4204149191.4182663,4.204149191418266,,,,,,,,16.51135,11.355793,3.061981,2.3023355,,,,15.031071190822809,Technology,Software - Application,Israel,8726,2017-Q1
NICE,NICE LTD - SPON ADR,2017-03-01 00:00:00-05:00,2017,1,3,67.9800033569336,68.66999816894531,69.5199966430664,65.72000122070312,4025000,61741703,4197201177.202797,4.197201177202797,,,,,,,,16.51135,11.355793,3.061981,2.3023355,,,,5.924000270567431,Technology,Software - Application,Israel,8726,2017-Q1
NICE,NICE LTD - SPON ADR,2017-04-01 00:00:00-04:00,2017,2,4,67.44999694824219,68.5999984741211,68.69999694824219,66.56999969482422,2405300,61741703,4164477678.9292755,4.164477678929275,,,,,,,,16.51135,11.355793,3.061981,2.3023355,,,,6.6454312027180995,Technology,Software - Application,Israel,8726,2017-Q2
NICE,NICE LTD - SPON ADR,2017-05-01 00:00:00-04:00,2017,2,5,77.91000366210938,67.83000183105469,78.62999725341797,67.04000091552734,4330300,61741703,4810296306.834869,4.81029630683487,,,,,,,,16.51135,11.355793,3.061981,2.3023355,,,,22.914260375797845,Technology,Software - Application,Israel,8726,2017-Q2
NICE,NICE LTD - SPON ADR,2017-06-01 00:00:00-04:00,2017,2,6,78.72000122070312,78.66999816894531,81.16000366210938,76.2300033569336,3603500,61741703,4860306935.52829,4.86030693552829,,,,,,,,16.51135,11.355793,3.061981,2.3023355,,,,24.165276955797932,Technology,Software - Application,Israel,8726,2017-Q2
NICE,NICE LTD - SPON ADR,2017-07-01 00:00:00-04:00,2017,3,7,74.66000366210938,79.11000061035156,80.01000213623047,74.11000061035156,2931500,61741703,4609635772.084869,4.60963577208487,,,,,,,,16.51135,11.355793,3.061981,2.3023355,,,,9.527557398281816,Technology,Software - Application,Israel,8726,2017-Q3
NICE,NICE LTD - SPON ADR,2017-08-01 00:00:00-04:00,2017,3,8,78.22000122070312,74.94999694824219,78.73999786376953,73.6500015258789,3400000,61741703,4829436084.02829,4.8294360840282895,,,,,,,,16.51135,11.355793,3.061981,2.3023355,,,,15.11903774069423,Technology,Software - Application,Israel,8726,2017-Q3
NICE,NICE LTD - SPON ADR,2017-09-01 00:00:00-04:00,2017,3,9,81.30999755859375,78.30999755859375,83.94999694824219,77.23999786376953,2377000,61741703,5020217720.19342,5.02021772019342,,,,,,,,16.51135,11.355793,3.061981,2.3023355,,,,22.0408389017696,Technology,Software - Application,Israel,8726,2017-Q3
NICE,NICE LTD - SPON ADR,2017-10-01 00:00:00-04:00,2017,4,10,83.30999755859375,81.4800033569336,83.77999877929688,78.48999786376953,2010700,61741703,5143701126.19342,5.14370112619342,,,,,,,,16.51135,11.355793,3.061981,2.3023355,,,,25.926861313683425,Technology,Software - Application,Israel,8726,2017-Q4
NICE,NICE LTD - SPON ADR,2017-11-01 00:00:00-04:00,2017,4,11,87.51000213623047,83.75,88.5199966430664,81.3499984741211,2936600,61741703,5403016561.424507,5.403016561424507,,,,,,,,16.51135,11.355793,3.061981,2.3023355,,,,33.64254913879454,Technology,Software - Application,Israel,8726,2017-Q4
NICE,NICE LTD - SPON ADR,2017-12-01 00:00:00-05:00,2017,4,12,91.91000366210938,87.55999755859375,92.33000183105469,86.01000213623047,2861100,61741703,5674680148.834869,5.674680148834869,,,,,,,,16.51135,11.355793,3.061981,2.3023355,,,,33.97693299545204,Technology,Software - Application,Israel,8726,2017-Q4
NICE,NICE LTD - SPON ADR,2018-01-01 00:00:00-05:00,2018,1,1,91.0999984741211,92.94999694824219,95.6500015258789,90.36000061035156,3981600,61741703,5624669049.089638,5.624669049089638,,,,,,,,16.51135,11.355793,3.061981,2.3023355,,,,30.109232331427684,Technology,Software - Application,Israel,8726,2018-Q1
NICE,NICE LTD - SPON ADR,2018-02-01 00:00:00-05:00,2018,1,2,96.58999633789062,90.94000244140625,98.05999755859375,84.48999786376953,3567300,61741703,5963630866.665131,5.963630866665131,,,,,,,,16.51135,11.355793,3.061981,2.3023355,,,,41.85107604740603,Technology,Software - Application,Israel,8726,2018-Q1
NICE,NICE LTD - SPON ADR,2018-03-01 00:00:00-05:00,2018,1,3,93.93000030517578,96.45999908447266,98.4800033569336,89.27999877929688,3349200,61741703,5799398181.632072,5.799398181632072,,,,,,,,16.51135,11.355793,3.061981,2.3023355,,,,38.172985682260084,Technology,Software - Application,Israel,8726,2018-Q1
NICE,NICE LTD - SPON ADR,2018-04-01 00:00:00-04:00,2018,2,4,95.16999816894531,93.5999984741211,98.58999633789062,88.73999786376953,3330600,61741703,5875957761.457565,5.875957761457565,,,,,,,,16.51135,11.355793,3.061981,2.3023355,,,,41.09711263882501,Technology,Software - Application,Israel,8726,2018-Q2
NICE,NICE LTD - SPON ADR,2018-05-01 00:00:00-04:00,2018,2,5,105.75,96.01000213623047,108.31999969482422,95.05999755859375,5227400,61741703,6529185092.25,6.52918509225,,,,,,,,16.51135,11.355793,3.061981,2.3023355,,,,35.733532318430996,Technology,Software - Application,Israel,8726,2018-Q2
NICE,NICE LTD - SPON ADR,2018-06-01 00:00:00-04:00,2018,2,6,103.7699966430664,106.48999786376953,111.38999938964844,103.02999877929688,5787300,61741703,6406936313.047203,6.406936313047203,,,,,,,,16.51135,11.355793,3.061981,2.3023355,,,,31.821640032921138,Technology,Software - Application,Israel,8726,2018-Q2
NICE,NICE LTD - SPON ADR,2018-07-01 00:00:00-04:00,2018,3,7,109.4000015258789,102.61000061035156,116.05000305175781,102.41000366210938,4153100,61741703,6754542402.410362,6.754542402410363,,,,,,,,16.51135,11.355793,3.061981,2.3023355,,,,46.53093511887998,Technology,Software - Application,Israel,8726,2018-Q3
NICE,NICE LTD - SPON ADR,2018-08-01 00:00:00-04:00,2018,3,8,115.58999633789062,109.9000015258789,115.88999938964844,106.81999969482422,4057200,61741703,7136723223.665131,7.136723223665131,,,,,,,,16.51135,11.355793,3.061981,2.3023355,,,,47.77549799794234,Technology,Software - Application,Israel,8726,2018-Q3
NICE,NICE LTD - SPON ADR,2018-09-01 00:00:00-04:00,2018,3,9,114.47000122070312,116.0,119.83000183105469,112.02999877929688,2858700,61741703,7067572817.77829,7.06757281777829,,,,,,,,16.51135,11.355793,3.061981,2.3023355,,,,40.782197340755744,Technology,Software - Application,Israel,8726,2018-Q3
NICE,NICE LTD - SPON ADR,2018-10-01 00:00:00-04:00,2018,4,10,105.94000244140625,115.33000183105469,115.36000061035156,100.54000091552734,4346400,61741703,6540916166.55658,6.540916166556579,,,,,,,,16.51135,11.355793,3.061981,2.3023355,,,,27.163612466674625,Technology,Software - Application,Israel,8726,2018-Q4
NICE,NICE LTD - SPON ADR,2018-11-01 00:00:00-04:00,2018,4,11,116.13999938964844,106.5999984741211,116.66000366210938,103.94000244140625,4407400,61741703,7170681348.735855,7.170681348735855,,,,,,,,16.51135,11.355793,3.061981,2.3023355,,,,32.71625706150534,Technology,Software - Application,Israel,8726,2018-Q4
NICE,NICE LTD - SPON ADR,2018-12-01 00:00:00-05:00,2018,4,12,108.20999908447266,117.6500015258789,117.94999694824219,102.55999755859375,3948600,61741703,6681069625.103783,6.681069625103783,,,,,,,,16.51135,11.355793,3.061981,2.3023355,,,,17.73473481982144,Technology,Software - Application,Israel,8726,2018-Q4
NICE,NICE LTD - SPON ADR,2019-01-01 00:00:00-05:00,2019,1,1,109.94999694824219,106.77999877929688,110.04000091552734,102.66999816894531,3505500,61741703,6788500056.4292755,6.7885000564292755,,,,,,,,16.51135,11.355793,3.061981,2.3023355,,,,20.691546421349116,Technology,Software - Application,Israel,8726,2019-Q1
NICE,NICE LTD - SPON ADR,2019-02-01 00:00:00-05:00,2019,1,2,117.69000244140625,110.33999633789062,118.47000122070312,109.77999877929688,3060100,61741703,7266381176.80658,7.26638117680658,,,,,,,,16.51135,11.355793,3.061981,2.3023355,,,,21.844918628740494,Technology,Software - Application,Israel,8726,2019-Q1
NICE,NICE LTD - SPON ADR,2019-03-01 00:00:00-05:00,2019,1,3,122.51000213623047,117.45999908447266,123.56999969482422,112.5999984741211,3195600,61741703,7563976166.424507,7.563976166424507,,,,,,,,16.51135,11.355793,3.061981,2.3023355,,,,30.42691550963388,Technology,Software - Application,Israel,8726,2019-Q1
NICE,NICE LTD - SPON ADR,2019-04-01 00:00:00-04:00,2019,2,4,137.86000061035156,124.88999938964844,140.2899932861328,121.30999755859375,4787600,61741703,8511711213.264145,8.511711213264144,,,,,,,,16.51135,11.355793,3.061981,2.3023355,,,,44.856575877644936,Technology,Software - Application,Israel,8726,2019-Q2
NICE,NICE LTD - SPON ADR,2019-05-01 00:00:00-04:00,2019,2,5,139.85000610351562,137.08999633789062,146.88999938964844,130.02000427246094,4786100,61741703,8634577541.391449,8.63457754139145,,,,,,,,16.51135,11.355793,3.061981,2.3023355,,,,32.245868655806746,Technology,Software - Application,Israel,8726,2019-Q2
NICE,NICE LTD - SPON ADR,2019-06-01 00:00:00-04:00,2019,2,6,137.0,139.16000366210938,141.33999633789062,135.47999572753906,4231000,61741703,8458613311.0,8.458613311,,,,,,,,16.51135,11.355793,3.061981,2.3023355,,,,32.02274687473832,Technology,Software - Application,Israel,8726,2019-Q2
NICE,NICE LTD - SPON ADR,2019-07-01 00:00:00-04:00,2019,3,7,152.72000122070312,138.6300048828125,153.99000549316406,137.55999755859375,4882700,61741703,9429192957.52829,9.42919295752829,,,,,,,,16.51135,11.355793,3.061981,2.3023355,,,,39.59780538446953,Technology,Software - Application,Israel,8726,2019-Q3
NICE,NICE LTD - SPON ADR,2019-08-01 00:00:00-04:00,2019,3,8,153.25,154.91000366210938,155.75999450683594,147.0800018310547,4590100,61741703,9461915984.75,9.46191598475,,,,,,,,16.51135,11.355793,3.061981,2.3023355,,,,32.580677269010664,Technology,Software - Application,Israel,8726,2019-Q3
NICE,NICE LTD - SPON ADR,2019-09-01 00:00:00-04:00,2019,3,9,143.8000030517578,151.7899932861328,155.0,141.55999755859375,3665900,61741703,8878457079.820724,8.878457079820725,,,,,,,,16.51135,11.355793,3.061981,2.3023355,,,,25.622435151813416,Technology,Software - Application,Israel,8726,2019-Q3
NICE,NICE LTD - SPON ADR,2019-10-01 00:00:00-04:00,2019,4,10,157.7899932861328,143.49000549316406,159.3000030517578,139.05999755859375,4292800,61741703,9742222901.844406,9.742222901844405,,,,,,,,16.51135,11.355793,3.061981,2.3023355,,,,48.94278804024379,Technology,Software - Application,Israel,8726,2019-Q4
NICE,NICE LTD - SPON ADR,2019-11-01 00:00:00-04:00,2019,4,11,151.49000549316406,157.57000732421875,161.00999450683594,146.0,5774600,61741703,9353250926.627304,9.353250926627304,,,,,,,,16.51135,11.355793,3.061981,2.3023355,,,,30.437408549415213,Technology,Software - Application,Israel,8726,2019-Q4
NICE,NICE LTD - SPON ADR,2019-12-01 00:00:00-05:00,2019,4,12,155.14999389648438,151.0,157.49000549316406,145.0,5587500,61741703,9579224843.608551,9.579224843608552,,,,,,,,16.51135,11.355793,3.061981,2.3023355,,,,43.37861122738636,Technology,Software - Application,Israel,8726,2019-Q4
NICE,NICE LTD - SPON ADR,2020-01-01 00:00:00-05:00,2020,1,1,172.3000030517578,156.72000122070312,182.05999755859375,156.00999450683594,6924300,61741703,10638095615.320724,10.638095615320724,,,,,,,,16.51135,11.355793,3.061981,2.3023355,,,,56.70760148621581,Technology,Software - Application,Israel,8726,2020-Q1
NICE,NICE LTD - SPON ADR,2020-02-01 00:00:00-05:00,2020,1,2,163.8300018310547,171.5,183.4199981689453,157.1300048828125,4879900,61741703,10115143315.542435,10.115143315542435,,,,,,,,16.51135,11.355793,3.061981,2.3023355,,,,39.20468895615829,Technology,Software - Application,Israel,8726,2020-Q1
NICE,NICE LTD - SPON ADR,2020-03-01 00:00:00-05:00,2020,1,3,143.55999755859375,165.75999450683594,168.3699951171875,110.58999633789062,8556400,61741703,8863638731.94342,8.86363873194342,,,,,,,,16.51135,11.355793,3.061981,2.3023355,,,,17.182266798882107,Technology,Software - Application,Israel,8726,2020-Q1
NICE,NICE LTD - SPON ADR,2020-04-01 00:00:00-04:00,2020,2,4,164.3000030517578,141.97999572753906,170.7899932861328,139.8800048828125,4293800,61741703,10144161991.320724,10.144161991320724,,,,,,,,16.51135,11.355793,3.061981,2.3023355,,,,19.17887880773803,Technology,Software - Application,Israel,8726,2020-Q2
NICE,NICE LTD - SPON ADR,2020-05-01 00:00:00-04:00,2020,2,5,186.13999938964844,163.3300018310547,188.3800048828125,160.72999572753906,5252400,61741703,11492600558.735855,11.492600558735855,,,,,,,,16.51135,11.355793,3.061981,2.3023355,,,,33.09974348651039,Technology,Software - Application,Israel,8726,2020-Q2
NICE,NICE LTD - SPON ADR,2020-06-01 00:00:00-04:00,2020,2,6,189.24000549316406,181.00999450683594,198.99000549316406,180.88999938964844,5888900,61741703,11684000214.877304,11.684000214877305,,,,,,,,16.51135,11.355793,3.061981,2.3023355,,,,38.13139087092268,Technology,Software - Application,Israel,8726,2020-Q2
NICE,NICE LTD - SPON ADR,2020-07-01 00:00:00-04:00,2020,3,7,205.24000549316406,187.85000610351562,206.5,186.16000366210938,5241400,61741703,12671867462.877304,12.671867462877303,,,,,,,,16.51135,11.355793,3.061981,2.3023355,,,,34.38973536711916,Technology,Software - Application,Israel,8726,2020-Q3
NICE,NICE LTD - SPON ADR,2020-08-01 00:00:00-04:00,2020,3,8,229.85000610351562,204.61000061035156,238.35000610351562,201.8699951171875,5357800,61741703,14191330811.391449,14.191330811391449,,,,,,,,16.51135,11.355793,3.061981,2.3023355,,,,49.9836907690151,Technology,Software - Application,Israel,8726,2020-Q3
NICE,NICE LTD - SPON ADR,2020-09-01 00:00:00-04:00,2020,3,9,227.02999877929688,229.1199951171875,234.97000122070312,209.25999450683594,5982900,61741703,14017218756.72171,14.01721875672171,,,,,,,,16.51135,11.355793,3.061981,2.3023355,,,,57.87899440974431,Technology,Software - Application,Israel,8726,2020-Q3
NICE,NICE LTD - SPON ADR,2020-10-01 00:00:00-04:00,2020,4,10,228.25999450683594,228.27000427246094,240.5800018310547,223.3000030517578,4572600,61741703,14093160787.622696,14.093160787622695,,,,,,,,16.51135,11.355793,3.061981,2.3023355,,,,44.66062755507849,Technology,Software - Application,Israel,8726,2020-Q4
NICE,NICE LTD - SPON ADR,2020-11-01 00:00:00-04:00,2020,4,11,243.72000122070312,228.42999267578125,255.47999572753906,228.08999633789062,6375400,61741703,15047687930.52829,15.04768793052829,,,,,,,,16.51135,11.355793,3.061981,2.3023355,,,,60.88190136853675,Technology,Software - Application,Israel,8726,2020-Q4
NICE,NICE LTD - SPON ADR,2020-12-01 00:00:00-05:00,2020,4,12,283.5400085449219,241.52000427246094,288.7300109863281,236.61000061035156,6890100,61741703,17506242996.19803,17.50624299619803,,,,,,,,16.51135,11.355793,3.061981,2.3023355,,,,82.75218801110553,Technology,Software - Application,Israel,8726,2020-Q4
NICE,NICE LTD - SPON ADR,2021-01-01 00:00:00-05:00,2021,1,1,261.2799987792969,281.510009765625,282.2900085449219,249.72000122070312,6755300,61741703,16131872084.47171,16.13187208447171,,,,,,,,16.51135,11.355793,3.061981,2.3023355,,,,51.64248064511643,Technology,Software - Application,Israel,8726,2021-Q1
NICE,NICE LTD - SPON ADR,2021-02-01 00:00:00-05:00,2021,1,2,229.5399932861328,266.6099853515625,281.94000244140625,224.55999755859375,9070500,61741703,14172190092.094406,14.172190092094406,,,,,,,,16.51135,11.355793,3.061981,2.3023355,,,,40.108643545545334,Technology,Software - Application,Israel,8726,2021-Q1
NICE,NICE LTD - SPON ADR,2021-03-01 00:00:00-05:00,2021,1,3,217.97000122070312,231.99000549316406,236.07000732421875,212.00999450683594,8029900,61741703,13457839078.27829,13.45783907827829,,,,,,,,16.51135,11.355793,3.061981,2.3023355,,,,51.83199005819088,Technology,Software - Application,Israel,8726,2021-Q1
NICE,NICE LTD - SPON ADR,2021-04-01 00:00:00-04:00,2021,2,4,241.22999572753906,218.86000061035156,244.4600067138672,218.86000061035156,5035400,61741703,14893950750.900986,14.893950750900986,,,,,,,,16.51135,11.355793,3.061981,2.3023355,,,,46.822879638989875,Technology,Software - Application,Israel,8726,2021-Q2
NICE,NICE LTD - SPON ADR,2021-05-01 00:00:00-04:00,2021,2,5,222.36000061035156,243.5,243.94000244140625,211.25,4732200,61741703,13728885116.764145,13.728885116764145,,,,,,,,16.51135,11.355793,3.061981,2.3023355,,,,19.458472837363395,Technology,Software - Application,Israel,8726,2021-Q2
NICE,NICE LTD - SPON ADR,2021-06-01 00:00:00-04:00,2021,2,6,247.4600067138672,223.25,248.6300048828125,213.47999572753906,7299200,61741703,15278602238.905594,15.278602238905593,,,,,,,,16.51135,11.355793,3.061981,2.3023355,,,,30.765165678885076,Technology,Software - Application,Israel,8726,2021-Q2
NICE,NICE LTD - SPON ADR,2021-07-01 00:00:00-04:00,2021,3,7,278.6499938964844,247.47000122070312,287.8500061035156,246.97000122070312,5951400,61741703,17204325164.10855,17.20432516410855,,,,,,,,16.51135,11.355793,3.061981,2.3023355,,,,35.76787489696562,Technology,Software - Application,Israel,8726,2021-Q3
NICE,NICE LTD - SPON ADR,2021-08-01 00:00:00-04:00,2021,3,8,290.70001220703125,277.55999755859375,300.95001220703125,259.07000732421875,4552300,61741703,17948313815.782898,17.9483138157829,,,,,,,,16.51135,11.355793,3.061981,2.3023355,,,,26.47378920499619,Technology,Software - Application,Israel,8726,2021-Q3
NICE,NICE LTD - SPON ADR,2021-09-01 00:00:00-04:00,2021,3,9,284.0400085449219,291.3500061035156,304.5,275.2799987792969,4173400,61741703,17537113847.69803,17.537113847698027,,,,,,,,16.51135,11.355793,3.061981,2.3023355,,,,25.111223218146716,Technology,Software - Application,Israel,8726,2021-Q3
NICE,NICE LTD - SPON ADR,2021-10-01 00:00:00-04:00,2021,4,10,283.0199890136719,284.82000732421875,285.6300048828125,262.0899963378906,3159900,61741703,17474136104.74539,17.47413610474539,,,,,,,,16.51135,11.355793,3.061981,2.3023355,,,,23.990184800077174,Technology,Software - Application,Israel,8726,2021-Q4
NICE,NICE LTD - SPON ADR,2021-11-01 00:00:00-04:00,2021,4,11,291.9800109863281,282.4100036621094,319.8800048828125,274.5199890136719,5591800,61741703,18027343120.25461,18.027343120254606,,,,,,,,16.51135,11.355793,3.061981,2.3023355,,,,19.801415363494378,Technology,Software - Application,Israel,8726,2021-Q4
NICE,NICE LTD - SPON ADR,2021-12-01 00:00:00-05:00,2021,4,12,303.6000061035156,296.2200012207031,312.0,279.7799987792969,5212800,61741703,18744781407.64145,18.744781407641447,,,,,,,,16.51135,11.355793,3.061981,2.3023355,,,,7.074838454558208,Technology,Software - Application,Israel,8726,2021-Q4
NICE,NICE LTD - SPON ADR,2022-01-01 00:00:00-05:00,2022,1,1,256.05999755859375,303.75,306.1199951171875,232.9499969482422,5640700,61741703,15809580319.44342,15.80958031944342,,,,,,,,16.51135,11.355793,3.061981,2.3023355,,,,-1.9978571819852409,Technology,Software - Application,Israel,8726,2022-Q1
NICE,NICE LTD - SPON ADR,2022-02-01 00:00:00-05:00,2022,1,2,226.25,255.72999572753906,274.010009765625,211.0,5852400,61741703,13969060303.75,13.96906030375,,,,,,,,16.51135,11.355793,3.061981,2.3023355,,,,-1.4332985023797873,Technology,Software - Application,Israel,8726,2022-Q1
NICE,NICE LTD - SPON ADR,2022-03-01 00:00:00-05:00,2022,1,3,219.0,225.2100067138672,235.92999267578125,199.32000732421875,6585300,61741703,13521432957.0,13.521432957,,,,,,,,16.51135,11.355793,3.061981,2.3023355,,,,0.4725415302695435,Technology,Software - Application,Israel,8726,2022-Q1
NICE,NICE LTD - SPON ADR,2022-04-01 00:00:00-04:00,2022,2,4,206.41000366210938,229.99000549316406,234.49000549316406,200.9199981689453,5550200,61741703,12744105142.33487,12.744105142334869,,,,,,,,16.51135,11.355793,3.061981,2.3023355,,,,-14.434354218849988,Technology,Software - Application,Israel,8726,2022-Q2
NICE,NICE LTD - SPON ADR,2022-05-01 00:00:00-04:00,2022,2,5,198.72000122070312,204.02000427246094,211.47000122070312,179.1300048828125,6571300,61741703,12269311295.52829,12.26931129552829,,,,,,,,16.51135,11.355793,3.061981,2.3023355,,,,-10.63140822304347,Technology,Software - Application,Israel,8726,2022-Q2
NICE,NICE LTD - SPON ADR,2022-06-01 00:00:00-04:00,2022,2,6,192.4499969482422,199.07000732421875,208.72999572753906,185.00999450683594,4417600,61741703,11882190553.929276,11.882190553929275,,,,,,,,16.51135,11.355793,3.061981,2.3023355,,,,-22.229858673378246,Technology,Software - Application,Israel,8726,2022-Q2
NICE,NICE LTD - SPON ADR,2022-07-01 00:00:00-04:00,2022,3,7,214.02000427246094,192.17999267578125,215.25999450683594,190.44000244140625,4205900,61741703,13213959539.849014,13.213959539849014,,,,,,,,16.51135,11.355793,3.061981,2.3023355,,,,-23.193967715654363,Technology,Software - Application,Israel,8726,2022-Q3
NICE,NICE LTD - SPON ADR,2022-08-01 00:00:00-04:00,2022,3,8,213.3699951171875,213.97999572753906,235.11000061035156,210.38999938964844,5154200,61741703,13173826867.63684,13.17382686763684,,,,,,,,16.51135,11.355793,3.061981,2.3023355,,,,-26.60131195136336,Technology,Software - Application,Israel,8726,2022-Q3
NICE,NICE LTD - SPON ADR,2022-09-01 00:00:00-04:00,2022,3,9,188.24000549316406,211.5399932861328,215.9600067138672,185.57000732421875,3767100,61741703,11622258511.877304,11.622258511877304,,,,,,,,16.51135,11.355793,3.061981,2.3023355,,,,-33.72764405356885,Technology,Software - Application,Israel,8726,2022-Q3
NICE,NICE LTD - SPON ADR,2022-10-01 00:00:00-04:00,2022,4,10,189.88999938964844,187.86000061035156,204.27999877929688,178.27999877929688,3937200,61741703,11724131944.985855,11.724131944985855,,,,,,,,16.51135,11.355793,3.061981,2.3023355,,,,-32.90579932130681,Technology,Software - Application,Israel,8726,2022-Q4
NICE,NICE LTD - SPON ADR,2022-11-01 00:00:00-04:00,2022,4,11,194.1699981689453,191.6699981689453,205.55999755859375,164.64999389648438,6851500,61741703,11988386358.457565,11.988386358457566,,,,,,,,16.51135,11.355793,3.061981,2.3023355,,,,-33.49887291495538,Technology,Software - Application,Israel,8726,2022-Q4
NICE,NICE LTD - SPON ADR,2022-12-01 00:00:00-05:00,2022,4,12,192.3000030517578,197.1699981689453,212.22999572753906,188.6999969482422,3869200,61741703,11872929675.320724,11.872929675320725,,,,,,,,16.51135,11.355793,3.061981,2.3023355,,,,-36.660079319566584,Technology,Software - Application,Israel,8726,2022-Q4
NICE,NICE LTD - SPON ADR,2023-01-01 00:00:00-05:00,2023,1,1,207.42999267578125,192.3000030517578,214.77000427246094,182.88999938964844,3370800,61741703,12807081001.080261,12.807081001080261,,,,,,,,16.51135,11.355793,3.061981,2.3023355,,,,-18.99164467174713,Technology,Software - Application,Israel,8726,2023-Q1
NICE,NICE LTD - SPON ADR,2023-02-01 00:00:00-05:00,2023,1,2,207.41000366210938,206.1699981689453,227.8300018310547,193.61000061035156,5848500,61741703,12805846845.33487,12.80584684533487,,,,,,,,16.51135,11.355793,3.061981,2.3023355,,,,-8.327070204592546,Technology,Software - Application,Israel,8726,2023-Q1
NICE,NICE LTD - SPON ADR,2023-03-01 00:00:00-05:00,2023,1,3,228.88999938964844,206.8800048828125,228.9499969482422,201.2899932861328,7155300,61741703,14132058361.985855,14.132058361985855,,,,,,,,16.51135,11.355793,3.061981,2.3023355,,,,4.515981456460483,Technology,Software - Application,Israel,8726,2023-Q1
NICE,NICE LTD - SPON ADR,2023-04-01 00:00:00-04:00,2023,2,4,204.00999450683594,226.5399932861328,229.8699951171875,198.47000122070312,3689300,61741703,12595924489.872696,12.595924489872695,,,,,,,,16.51135,11.355793,3.061981,2.3023355,,,,-1.1627387784955534,Technology,Software - Application,Israel,8726,2023-Q2
NICE,NICE LTD - SPON ADR,2023-05-01 00:00:00-04:00,2023,2,5,205.94000244140625,203.63999938964844,206.32000732421875,174.49000549316406,14138700,61741703,12715086466.55658,12.71508646655658,,,,,,,,16.51135,11.355793,3.061981,2.3023355,,,,3.633253409999937,Technology,Software - Application,Israel,8726,2023-Q2
NICE,NICE LTD - SPON ADR,2023-06-01 00:00:00-04:00,2023,2,6,206.5,206.0,231.5399932861328,200.55999755859375,7991400,61741703,12749661669.5,12.7496616695,,,,,,,,16.51135,11.355793,3.061981,2.3023355,,,,7.300599259316409,Technology,Software - Application,Israel,8726,2023-Q2
NICE,NICE LTD - SPON ADR,2023-07-01 00:00:00-04:00,2023,3,7,217.85000610351562,203.35000610351562,225.3699951171875,195.91000366210938,5230500,61741703,13450430375.391449,13.450430375391448,,,,,,,,16.51135,11.355793,3.061981,2.3023355,,,,1.7895531981108048,Technology,Software - Application,Israel,8726,2023-Q3
NICE,NICE LTD - SPON ADR,2023-08-01 00:00:00-04:00,2023,3,8,194.8000030517578,217.6999969482422,224.6300048828125,188.2899932861328,8693900,61741703,12027283932.820724,12.027283932820724,,,,,,,,16.51135,11.355793,3.061981,2.3023355,,,,-8.703188119412308,Technology,Software - Application,Israel,8726,2023-Q3
NICE,NICE LTD - SPON ADR,2023-09-01 00:00:00-04:00,2023,3,9,170.0,194.85000610351562,197.35000610351562,165.74000549316406,8361200,61741703,10496089510.0,10.49608951,,,,,,,,16.51135,11.355793,3.061981,2.3023355,,,,-9.689760391462832,Technology,Software - Application,Israel,8726,2023-Q3
NICE,NICE LTD - SPON ADR,2023-10-01 00:00:00-04:00,2023,4,10,154.35000610351562,170.5500030517578,174.17999267578125,150.17999267578125,13275400,61741703,9529832234.891449,9.52983223489145,,,,,,,,16.51135,11.355793,3.061981,2.3023355,,,,-18.716095318535363,Technology,Software - Application,Israel,8726,2023-Q4
NICE,NICE LTD - SPON ADR,2023-11-01 00:00:00-04:00,2023,4,11,189.75,155.69000244140625,200.36000061035156,149.5399932861328,13899500,61741703,11715488144.25,11.71548814425,,,,,,,,16.51135,11.355793,3.061981,2.3023355,,,,-2.2763548491665064,Technology,Software - Application,Israel,8726,2023-Q4
NICE,NICE LTD - SPON ADR,2023-12-01 00:00:00-05:00,2023,4,12,199.50999450683594,189.6999969482422,206.0,184.75,6915900,61741703,12318086826.372696,12.318086826372696,,,,,,,,16.51135,11.355793,3.061981,2.3023355,,,,3.7493454709605745,Technology,Software - Application,Israel,8726,2023-Q4
NICE,NICE LTD - SPON ADR,2024-01-01 00:00:00-05:00,2024,1,1,208.10000610351562,198.77000427246094,220.44000244140625,191.30999755859375,6854800,61741703,12848448771.141449,12.848448771141449,,,,,,,,16.51135,11.355793,3.061981,2.3023355,,,,0.3230070150856301,Technology,Software - Application,Israel,8726,2024-Q1
NICE,NICE LTD - SPON ADR,2024-02-01 00:00:00-05:00,2024,1,2,245.14999389648438,207.0399932861328,253.0,206.32000732421875,9005900,61741703,15135978113.608551,15.135978113608552,,,,,,,,16.51135,11.355793,3.061981,2.3023355,,,,18.195838950881573,Technology,Software - Application,Israel,8726,2024-Q1
NICE,NICE LTD - SPON ADR,2024-03-01 00:00:00-05:00,2024,1,3,260.6199951171875,246.10000610351562,270.7300109863281,235.00999450683594,7026800,61741703,16091122334.38684,16.091122334386842,,,,,,,,16.51135,11.355793,3.061981,2.3023355,,,,13.862552235636926,Technology,Software - Application,Israel,8726,2024-Q1
NICE,NICE LTD - SPON ADR,2024-04-01 00:00:00-04:00,2024,2,4,223.50999450683594,260.0199890136719,260.6199951171875,222.13999938964844,6185200,61741703,13799887698.372696,13.799887698372697,664400000.0,664.4,439617000.0,115785000.0,128824000.0,180344000.0,5.192612770308811,16.51135,11.355793,3.061981,2.3023355,,,,9.558355239966732,Technology,Software - Application,Israel,8726,2024-Q2
NICE,NICE LTD - SPON ADR,2024-05-01 00:00:00-04:00,2024,2,5,183.57000732421875,223.33999633789062,229.3300018310547,182.10000610351562,14949000,61741703,11333924871.919739,11.33392487191974,664400000.0,664.4,439617000.0,115785000.0,128824000.0,180344000.0,4.264721881366548,16.51135,11.355793,3.061981,2.3023355,,0.0,,-10.862384603278896,Technology,Software - Application,Israel,8726,2024-Q2
NICE,NICE LTD - SPON ADR,2024-06-01 00:00:00-04:00,2024,2,6,171.97000122070312,184.0,184.07000732421875,155.22999572753906,19714900,61741703,10617720740.27829,10.61772074027829,664400000.0,664.4,439617000.0,115785000.0,128824000.0,180344000.0,3.9952290563961053,16.51135,11.355793,3.061981,2.3023355,,0.0,,-16.72154904566434,Technology,Software - Application,Israel,8726,2024-Q2
NICE,NICE LTD - SPON ADR,2024-07-01 00:00:00-04:00,2024,3,7,181.0,172.6699981689453,185.41000366210938,167.52000427246094,9350100,61741703,11175248243.0,11.175248243,689963000.0,689.963,460277000.0,120921000.0,141379000.0,194343000.0,4.049220118687524,16.51135,11.355793,3.061981,2.3023355,,3.847531607465382,,-16.91531102643423,Technology,Software - Application,Israel,8726,2024-Q3
NICE,NICE LTD - SPON ADR,2024-08-01 00:00:00-04:00,2024,3,8,173.74000549316406,181.1199951171875,186.72000122070312,151.52000427246094,13640700,61741703,10727003818.377304,10.727003818377304,689963000.0,689.963,460277000.0,120921000.0,141379000.0,194343000.0,3.8868040091922698,16.51135,11.355793,3.061981,2.3023355,,0.0,3.847531607465382,-10.811086873031606,Technology,Software - Application,Israel,8726,2024-Q3
NICE,NICE LTD - SPON ADR,2024-09-01 00:00:00-04:00,2024,3,9,173.6699981689453,173.08999633789062,174.6199951171875,158.9499969482422,9171700,61741703,10722681446.957565,10.722681446957566,689963000.0,689.963,460277000.0,120921000.0,141379000.0,194343000.0,3.885237848608391,16.51135,11.355793,3.061981,2.3023355,,0.0,3.847531607465382,2.1588224523207744,Technology,Software - Application,Israel,8726,2024-Q3
NICE,NICE LTD - SPON ADR,2024-10-01 00:00:00-04:00,2024,4,10,173.6999969482422,172.47000122070312,182.97000122070312,162.52999877929688,10393500,61741703,10724533622.679276,10.724533622679276,721600000.0,721.6,489214000.0,99509000.0,154312000.0,262116000.0,3.715539642003629,16.51135,11.355793,3.061981,2.3023355,,4.585318343157541,8.609271523178808,12.536436721453303,Technology,Software - Application,Israel,8726,2024-Q4
NICE,NICE LTD - SPON ADR,2024-11-01 00:00:00-04:00,2024,4,11,182.44000244140625,173.6999969482422,200.64999389648438,166.27999877929688,14097200,61741703,11264156446.05658,11.26415644605658,721600000.0,721.6,489214000.0,99509000.0,154312000.0,262116000.0,3.9024932254907774,16.51135,11.355793,3.061981,2.3023355,,0.0,4.585318343157541,-3.8524361310111943,Technology,Software - Application,Israel,8726,2024-Q4
NICE,NICE LTD - SPON ADR,2024-12-01 00:00:00-05:00,2024,4,12,169.83999633789062,183.0,193.52000427246094,168.0,7148300,61741703,10486210611.41513,10.48621061141513,721600000.0,721.6,489214000.0,99509000.0,154312000.0,262116000.0,3.632972079897149,16.51135,11.355793,3.061981,2.3023355,,0.0,4.585318343157541,-14.871434507472115,Technology,Software - Application,Israel,8726,2024-Q4
NICE,NICE LTD - SPON ADR,2025-01-01 00:00:00-05:00,2025,1,1,166.13999938964844,171.6300048828125,173.0,158.50999450683594,9284200,61741703,10257766498.735855,10.257766498735855,700192000.0,700.192,468112000.0,129290000.0,148169000.0,191610000.0,3.6624834683686243,16.51135,11.355793,3.061981,2.3023355,,-2.9667405764966737,1.4825432668128524,-20.163385623830756,Technology,Software - Application,Israel,8726,2025-Q1
NICE,NICE LTD - SPON ADR,2025-02-01 00:00:00-05:00,2025,1,2,139.17999267578125,163.0,179.1699981689453,137.66000366210938,16780500,61741703,8593209771.330261,8.593209771330262,700192000.0,700.192,468112000.0,129290000.0,148169000.0,191610000.0,3.0681619367724355,16.51135,11.355793,3.061981,2.3023355,,0.0,-2.9667405764966737,-43.22659753581287,Technology,Software - Application,Israel,8726,2025-Q1
NICE,NICE LTD - SPON ADR,2025-03-01 00:00:00-05:00,2025,1,3,154.1699981689453,140.19000244140625,161.19000244140625,137.19000244140625,14090000,61741703,9518718238.457565,9.518718238457565,700192000.0,700.192,468112000.0,129290000.0,148169000.0,191610000.0,3.398610037838752,16.51135,11.355793,3.061981,2.3023355,,0.0,-2.9667405764966737,-40.84490788988659,Technology,Software - Application,Israel,8726,2025-Q1
NICE,NICE LTD - SPON ADR,2025-04-01 00:00:00-04:00,2025,2,4,155.85000610351562,155.2899932861328,158.47000122070312,138.7899932861328,7534100,61741703,9622444789.391449,9.62244478939145,726712000.0,726.712,485111000.0,187404000.0,160592000.0,205204000.0,3.310267612682689,16.51135,11.355793,3.061981,2.3023355,,3.7875325624971534,0.7084257206208422,-30.271571771369253,Technology,Software - Application,Israel,8726,2025-Q2
NICE,NICE LTD - SPON ADR,2025-05-01 00:00:00-04:00,2025,2,5,165.92999267578125,156.8800048828125,171.22999572753906,152.6699981689453,9365000,61741703,10244800326.580261,10.244800326580261,726712000.0,726.712,485111000.0,187404000.0,160592000.0,205204000.0,3.524367399527,16.51135,11.355793,3.061981,2.3023355,,0.0,3.7875325624971534,-9.609420899178788,Technology,Software - Application,Israel,8726,2025-Q2
NICE,NICE LTD - SPON ADR,2025-06-01 00:00:00-04:00,2025,2,6,168.91000366210938,163.92999267578125,180.61000061035156,158.75,8543300,61741703,10428791279.83487,10.428791279834869,726712000.0,726.712,485111000.0,187404000.0,160592000.0,205204000.0,3.5876630906861555,16.51135,11.355793,3.061981,2.3023355,,0.0,3.7875325624971534,-1.7793786921397992,Technology,Software - Application,Israel,8726,2025-Q2
NICE,NICE LTD - SPON ADR,2025-07-01 00:00:00-04:00,2025,3,7,156.0500030517578,169.14999389648438,175.0,150.0800018310547,10994800,61741703,9634792941.570724,9.634792941570725,,,,,,,,16.51135,11.355793,3.061981,2.3023355,,0.0,3.7875325624971534,-13.784528700686295,Technology,Software - Application,Israel,8726,2025-Q3
NICE,NICE LTD - SPON ADR,2025-08-01 00:00:00-04:00,2025,3,8,141.35000610351562,155.0,156.3699951171875,127.0,16734900,61741703,8727190095.891449,8.72719009589145,,,,,,,,16.51135,11.355793,3.061981,2.3023355,,0.0,0.0,-18.642798644853762,Technology,Software - Application,Israel,8726,2025-Q3
NICE,NICE LTD - SPON ADR,2025-09-01 00:00:00-04:00,2025,3,9,144.77999877929688,141.27999877929688,153.67999267578125,134.4600067138672,12827000,61741703,8938963684.97171,8.93896368497171,,,,,,,,16.51135,11.355793,3.061981,2.3023355,,0.0,0.0,-16.634997232823366,Technology,Software - Application,Israel,8726,2025-Q3
NICE,NICE LTD - SPON ADR,2025-10-01 00:00:00-04:00,2025,4,10,138.1999969482422,144.0500030517578,145.42999267578125,134.22000122070312,3498824,61741703,8532703166.1792755,8.532703166179276,,,,,,,,16.51135,11.355793,3.061981,2.3023355,,0.0,0.0,-20.437536340647156,Technology,Software - Application,Israel,8726,2025-Q4
