ticker,company_name,date,year,quarter,month,close_price,open_price,high_price,low_price,volume,shares_outstanding,market_cap,market_cap_billions,revenue,revenue_millions,gross_profit,net_income,operating_income,ebitda,ps_ratio,current_pe,forward_pe,current_ps,current_pb,peg_ratio,revenue_qoq_pct,revenue_yoy_pct,market_cap_yoy_pct,sector,industry,country,employees,year_quarter
NOC,NORTHROP GRUMMAN CORP,2015-01-01 00:00:00-05:00,2015,1,1,131.69000244140625,124.42376526026214,133.5778808183066,118.79369958149407,39585500,142720067,18794805971.667664,18.794805971667664,,,,,,,,21.783455,21.581612,2.1117184,5.4085097,,,,,Industrials,Aerospace & Defense,United States,97000,2015-Q1
NOC,NORTHROP GRUMMAN CORP,2015-02-01 00:00:00-05:00,2015,1,2,139.04014587402344,131.97527442498102,144.56952862102753,129.7937338319249,25105800,142720067,19843818934.8304,19.8438189348304,,,,,,,,21.783455,21.581612,2.1117184,5.4085097,,,,,Industrials,Aerospace & Defense,United States,97000,2015-Q1
NOC,NORTHROP GRUMMAN CORP,2015-03-01 00:00:00-05:00,2015,1,3,135.61749267578125,139.53536349396484,141.32157379643434,131.70804276901094,33388900,142720067,19355337641.05951,19.35533764105951,,,,,,,,21.783455,21.581612,2.1117184,5.4085097,,,,,Industrials,Aerospace & Defense,United States,97000,2015-Q1
NOC,NORTHROP GRUMMAN CORP,2015-04-01 00:00:00-04:00,2015,2,4,129.78704833984375,134.88450401861766,139.82187233617185,128.72543463499963,21629800,142720067,18523216234.79474,18.523216234794738,,,,,,,,21.783455,21.581612,2.1117184,5.4085097,,,,,Industrials,Aerospace & Defense,United States,97000,2015-Q2
NOC,NORTHROP GRUMMAN CORP,2015-05-01 00:00:00-04:00,2015,2,5,134.1177978515625,130.4863905899629,136.3168652617776,128.438989650983,20464600,142720067,19141301095.267456,19.141301095267455,,,,,,,,21.783455,21.581612,2.1117184,5.4085097,,,,,Industrials,Aerospace & Defense,United States,97000,2015-Q2
NOC,NORTHROP GRUMMAN CORP,2015-06-01 00:00:00-04:00,2015,2,6,134.32888793945312,134.71841160282275,141.03559230665573,132.2542021607335,24441900,142720067,19171427886.754242,19.17142788675424,,,,,,,,21.783455,21.581612,2.1117184,5.4085097,,,,,Industrials,Aerospace & Defense,United States,97000,2015-Q2
NOC,NORTHROP GRUMMAN CORP,2015-07-01 00:00:00-04:00,2015,3,7,146.5060272216797,135.18422541377893,149.46138735126516,133.88014873923476,25286500,142720067,20909350020.98195,20.90935002098195,,,,,,,,21.783455,21.581612,2.1117184,5.4085097,,,,,Industrials,Aerospace & Defense,United States,97000,2015-Q3
NOC,NORTHROP GRUMMAN CORP,2015-08-01 00:00:00-04:00,2015,3,8,138.6560516357422,146.37045662324712,149.74074167634447,128.97705006493248,23897900,142720067,19789000979.408585,19.789000979408584,,,,,,,,21.783455,21.581612,2.1117184,5.4085097,,,,,Industrials,Aerospace & Defense,United States,97000,2015-Q3
NOC,NORTHROP GRUMMAN CORP,2015-09-01 00:00:00-04:00,2015,3,9,141.21435546875,136.7894429590227,147.6304896445891,135.16413448630334,23639500,142720067,20154122273.861816,20.154122273861816,,,,,,,,21.783455,21.581612,2.1117184,5.4085097,,,,,Industrials,Aerospace & Defense,United States,97000,2015-Q3
NOC,NORTHROP GRUMMAN CORP,2015-10-01 00:00:00-04:00,2015,4,10,159.76490783691406,141.2568559303741,165.07480878241176,138.4317125792599,28767800,142720067,22801658350.7332,22.8016583507332,,,,,,,,21.783455,21.581612,2.1117184,5.4085097,,,,,Industrials,Aerospace & Defense,United States,97000,2015-Q4
NOC,NORTHROP GRUMMAN CORP,2015-11-01 00:00:00-04:00,2015,4,11,158.58209228515625,160.38609132044726,161.8071677471288,151.97876452713408,21061200,142720067,22632846835.937683,22.632846835937684,,,,,,,,21.783455,21.581612,2.1117184,5.4085097,,,,,Industrials,Aerospace & Defense,United States,97000,2015-Q4
NOC,NORTHROP GRUMMAN CORP,2015-12-01 00:00:00-05:00,2015,4,12,161.35354614257812,159.8836647807933,163.96856369276642,155.54238878667076,25326000,142720067,23028388916.15634,23.02838891615634,,,,,,,,21.783455,21.581612,2.1117184,5.4085097,,,,,Industrials,Aerospace & Defense,United States,97000,2015-Q4
NOC,NORTHROP GRUMMAN CORP,2016-01-01 00:00:00-05:00,2016,1,1,158.14889526367188,158.9351089023986,165.10519012967754,149.55180501599096,29701500,142720067,22571020928.007233,22.571020928007233,,,,,,,,21.783455,21.581612,2.1117184,5.4085097,,,,20.091800692340467,Industrials,Aerospace & Defense,United States,97000,2016-Q1
NOC,NORTHROP GRUMMAN CORP,2016-02-01 00:00:00-05:00,2016,1,2,164.2676544189453,159.27690166611887,166.47247621944737,153.91013097275865,26345700,142720067,23444290644.60472,23.44429064460472,,,,,,,,21.783455,21.581612,2.1117184,5.4085097,,,,18.144046373325253,Industrials,Aerospace & Defense,United States,97000,2016-Q1
NOC,NORTHROP GRUMMAN CORP,2016-03-01 00:00:00-05:00,2016,1,3,169.83668518066406,165.92332038193356,171.20980160952087,158.83463857335656,24012900,142720067,24239103088.042282,24.23910308804228,,,,,,,,21.783455,21.581612,2.1117184,5.4085097,,,,25.23213770563517,Industrials,Aerospace & Defense,United States,97000,2016-Q1
NOC,NORTHROP GRUMMAN CORP,2016-04-01 00:00:00-04:00,2016,2,4,177.01116943359375,168.71243128808783,179.3540495369891,167.91431679429897,19253400,142720067,25263045961.310852,25.26304596131085,,,,,,,,21.783455,21.581612,2.1117184,5.4085097,,,,36.38585028152805,Industrials,Aerospace & Defense,United States,97000,2016-Q2
NOC,NORTHROP GRUMMAN CORP,2016-05-01 00:00:00-04:00,2016,2,5,182.51222229003906,177.53469158340693,187.80728077047928,176.6421750674288,18469800,142720067,26048156593.55327,26.04815659355327,,,,,,,,21.783455,21.581612,2.1117184,5.4085097,,,,36.08352151146863,Industrials,Aerospace & Defense,United States,97000,2016-Q2
NOC,NORTHROP GRUMMAN CORP,2016-06-01 00:00:00-04:00,2016,2,6,190.75949096679688,181.56823431100577,191.47179404248075,178.75334402980474,18911800,142720067,27225207331.667145,27.225207331667146,,,,,,,,21.783455,21.581612,2.1117184,5.4085097,,,,42.00928325467792,Industrials,Aerospace & Defense,United States,97000,2016-Q2
NOC,NORTHROP GRUMMAN CORP,2016-07-01 00:00:00-04:00,2016,3,7,186.6952667236328,191.7541241273548,193.15026230617224,185.82482385636317,23378700,142720067,26645160975.379745,26.645160975379746,,,,,,,,21.783455,21.581612,2.1117184,5.4085097,,,,27.43179940381728,Industrials,Aerospace & Defense,United States,97000,2016-Q3
NOC,NORTHROP GRUMMAN CORP,2016-08-01 00:00:00-04:00,2016,3,8,182.765380859375,186.0316587038207,190.04772563783754,181.51573676018066,17190900,142720067,26084287401.530518,26.084287401530517,,,,,,,,21.783455,21.581612,2.1117184,5.4085097,,,,31.81204765552583,Industrials,Aerospace & Defense,United States,97000,2016-Q3
NOC,NORTHROP GRUMMAN CORP,2016-09-01 00:00:00-04:00,2016,3,9,185.16427612304688,183.64972838835482,189.2492287839381,178.8810714177868,16029800,142720067,26426657894.28775,26.42665789428775,,,,,,,,21.783455,21.581612,2.1117184,5.4085097,,,,31.12284194365973,Industrials,Aerospace & Defense,United States,97000,2016-Q3
NOC,NORTHROP GRUMMAN CORP,2016-10-01 00:00:00-04:00,2016,4,10,198.1893768310547,184.3420841267015,199.05483262507676,183.49394114618596,20297800,142720067,28285601140.016373,28.28560114001637,,,,,,,,21.783455,21.581612,2.1117184,5.4085097,,,,24.050631339745653,Industrials,Aerospace & Defense,United States,97000,2016-Q4
NOC,NORTHROP GRUMMAN CORP,2016-11-01 00:00:00-04:00,2016,4,11,216.06101989746094,198.62209204390277,219.65266913677144,194.4852146691261,26771200,142720067,30836243235.85396,30.836243235853956,,,,,,,,21.783455,21.581612,2.1117184,5.4085097,,,,36.24553490500573,Industrials,Aerospace & Defense,United States,97000,2016-Q4
NOC,NORTHROP GRUMMAN CORP,2016-12-01 00:00:00-05:00,2016,4,12,201.28773498535156,215.36870618847576,218.11219980921368,191.02342747400903,25185300,142720067,28727799023.38762,28.727799023387618,,,,,,,,21.783455,21.581612,2.1117184,5.4085097,,,,24.749495624649033,Industrials,Aerospace & Defense,United States,97000,2016-Q4
NOC,NORTHROP GRUMMAN CORP,2017-01-01 00:00:00-05:00,2017,1,1,198.9759063720703,203.336216709597,206.65421207138135,194.45925674033356,22501200,142720067,28397854688.807602,28.3978546888076,,,,,,,,21.783455,21.581612,2.1117184,5.4085097,,,,25.815552514818442,Industrials,Aerospace & Defense,United States,97000,2017-Q1
NOC,NORTHROP GRUMMAN CORP,2017-02-01 00:00:00-05:00,2017,1,2,214.61920166015625,198.66325951363413,216.6516924666194,197.80335344001273,18506800,142720067,30630466840.42401,30.63046684042401,,,,,,,,21.783455,21.581612,2.1117184,5.4085097,,,,30.652137463894903,Industrials,Aerospace & Defense,United States,97000,2017-Q1
NOC,NORTHROP GRUMMAN CORP,2017-03-01 00:00:00-05:00,2017,1,3,206.5848388671875,215.29677005438552,216.17405187367,202.55459357197404,19529500,142720067,29483802044.309204,29.483802044309204,,,,,,,,21.783455,21.581612,2.1117184,5.4085097,,,,21.637347459668412,Industrials,Aerospace & Defense,United States,97000,2017-Q1
NOC,NORTHROP GRUMMAN CORP,2017-04-01 00:00:00-04:00,2017,2,4,214.4224090576172,207.11690903387716,217.94438445745098,205.00720898860138,16472800,142720067,30602380587.00453,30.602380587004532,,,,,,,,21.783455,21.581612,2.1117184,5.4085097,,,,21.134959869330938,Industrials,Aerospace & Defense,United States,97000,2017-Q2
NOC,NORTHROP GRUMMAN CORP,2017-05-01 00:00:00-04:00,2017,2,5,225.98219299316406,214.71882787497603,225.98219299316406,212.18195183884905,17466200,142720067,32252193724.791306,32.252193724791304,,,,,,,,21.783455,21.581612,2.1117184,5.4085097,,,,23.81756693206263,Industrials,Aerospace & Defense,United States,97000,2017-Q2
NOC,NORTHROP GRUMMAN CORP,2017-06-01 00:00:00-04:00,2017,2,6,223.79400634765625,224.68323647133548,228.92006257402116,220.40280552863334,14301600,142720067,31939895580.135925,31.939895580135925,,,,,,,,21.783455,21.581612,2.1117184,5.4085097,,,,17.317363981962643,Industrials,Aerospace & Defense,United States,97000,2017-Q2
NOC,NORTHROP GRUMMAN CORP,2017-07-01 00:00:00-04:00,2017,3,7,230.2791748046875,225.37830922307847,233.49973369550503,224.60816976928106,11677900,142720067,32865459256.829712,32.86545925682971,,,,,,,,21.783455,21.581612,2.1117184,5.4085097,,,,23.344945400020478,Industrials,Aerospace & Defense,United States,97000,2017-Q3
NOC,NORTHROP GRUMMAN CORP,2017-08-01 00:00:00-04:00,2017,3,8,238.22561645507812,230.44551279859888,240.32598030440718,230.20047079463674,14641800,142720067,33999575941.585052,33.99957594158505,,,,,,,,21.783455,21.581612,2.1117184,5.4085097,,,,30.345044195418968,Industrials,Aerospace & Defense,United States,97000,2017-Q3
NOC,NORTHROP GRUMMAN CORP,2017-09-01 00:00:00-04:00,2017,3,9,252.73251342773438,238.95045539951218,252.81156598083422,232.2131352153348,15657700,142720067,36070001249.48465,36.07000124948465,,,,,,,,21.783455,21.581612,2.1117184,5.4085097,,,,36.49096830091918,Industrials,Aerospace & Defense,United States,97000,2017-Q3
NOC,NORTHROP GRUMMAN CORP,2017-10-01 00:00:00-04:00,2017,4,10,259.59295654296875,253.41781975432073,269.3255944634218,252.29347140098415,15024100,142720067,37049124150.54059,37.049124150540585,,,,,,,,21.783455,21.581612,2.1117184,5.4085097,,,,30.982275989624398,Industrials,Aerospace & Defense,United States,97000,2017-Q4
NOC,NORTHROP GRUMMAN CORP,2017-11-01 00:00:00-04:00,2017,4,11,270.0194091796875,259.7158227816743,272.0924413959946,258.1434836166672,14403000,142720067,38537188169.425415,38.53718816942541,,,,,,,,21.783455,21.581612,2.1117184,5.4085097,,,,24.973680725858994,Industrials,Aerospace & Defense,United States,97000,2017-Q4
NOC,NORTHROP GRUMMAN CORP,2017-12-01 00:00:00-05:00,2017,4,12,269.589111328125,269.66816392486413,273.31350996513885,260.88418464392396,14508900,142720067,38475776031.22046,38.47577603122046,,,,,,,,21.783455,21.581612,2.1117184,5.4085097,,,,33.932209703558925,Industrials,Aerospace & Defense,United States,97000,2017-Q4
NOC,NORTHROP GRUMMAN CORP,2018-01-01 00:00:00-05:00,2018,1,1,300.0970458984375,270.85669168404365,303.33129895108704,267.2082431760531,18021200,142720067,42829870497.127075,42.829870497127075,,,,,,,,21.783455,21.581612,2.1117184,5.4085097,,,,50.82079603008722,Industrials,Aerospace & Defense,United States,97000,2018-Q1
NOC,NORTHROP GRUMMAN CORP,2018-02-01 00:00:00-05:00,2018,1,2,308.47784423828125,300.0970099348547,316.7529042068832,275.8446197018416,23901200,142720067,44025978597.703064,44.025978597703066,,,,,,,,21.783455,21.581612,2.1117184,5.4085097,,,,43.73263988128502,Industrials,Aerospace & Defense,United States,97000,2018-Q1
NOC,NORTHROP GRUMMAN CORP,2018-03-01 00:00:00-05:00,2018,1,3,307.6670837402344,309.4296128880534,315.93334974655517,294.6948681365241,20983800,142720067,43910266805.10086,43.91026680510086,,,,,,,,21.783455,21.581612,2.1117184,5.4085097,,,,48.9301370939579,Industrials,Aerospace & Defense,United States,97000,2018-Q1
NOC,NORTHROP GRUMMAN CORP,2018-04-01 00:00:00-04:00,2018,2,4,284.72479248046875,308.78192502573063,319.06434534290594,281.1617551693087,22338500,142720067,40635941459.3736,40.6359414593736,,,,,,,,21.783455,21.581612,2.1117184,5.4085097,,,,32.78686389721548,Industrials,Aerospace & Defense,United States,97000,2018-Q2
NOC,NORTHROP GRUMMAN CORP,2018-05-01 00:00:00-04:00,2018,2,5,289.3311767578125,284.8751596358211,295.2371512165363,267.31637298292424,29987400,142720067,41293364932.06384,41.293364932063845,,,,,,,,21.783455,21.581612,2.1117184,5.4085097,,,,28.032732546570482,Industrials,Aerospace & Defense,United States,97000,2018-Q2
NOC,NORTHROP GRUMMAN CORP,2018-06-01 00:00:00-04:00,2018,2,6,272.0464782714844,289.6760110167074,300.7276224677512,267.9087344382939,21676600,142720067,38826491606.020294,38.82649160602029,,,,,,,,21.783455,21.581612,2.1117184,5.4085097,,,,21.56111001867922,Industrials,Aerospace & Defense,United States,97000,2018-Q2
NOC,NORTHROP GRUMMAN CORP,2018-07-01 00:00:00-04:00,2018,3,7,266.6496887207031,271.92962800138196,288.6479191999652,254.75876284137536,26727200,142720067,38056261439.747894,38.05626143974789,,,,,,,,21.783455,21.581612,2.1117184,5.4085097,,,,15.794095991035007,Industrials,Aerospace & Defense,United States,97000,2018-Q3
NOC,NORTHROP GRUMMAN CORP,2018-08-01 00:00:00-04:00,2018,3,8,264.875,266.2149572841818,267.51052916034484,256.71994630873166,24377300,142720067,37802977746.625,37.802977746625,,,,,,,,21.783455,21.581612,2.1117184,5.4085097,,,,11.186615420070535,Industrials,Aerospace & Defense,United States,97000,2018-Q3
NOC,NORTHROP GRUMMAN CORP,2018-09-01 00:00:00-04:00,2018,3,9,282.76885986328125,265.22555196800965,284.31025710209184,263.51489441747026,23806200,142720067,40356790625.20111,40.356790625201114,,,,,,,,21.783455,21.581612,2.1117184,5.4085097,,,,11.884638833434224,Industrials,Aerospace & Defense,United States,97000,2018-Q3
NOC,NORTHROP GRUMMAN CORP,2018-10-01 00:00:00-04:00,2018,4,10,233.39112854003906,283.3748506355448,286.64474388135636,224.22297967548442,31491100,142720067,33309597502.439987,33.309597502439985,,,,,,,,21.783455,21.581612,2.1117184,5.4085097,,,,-10.09342793882494,Industrials,Aerospace & Defense,United States,97000,2018-Q4
NOC,NORTHROP GRUMMAN CORP,2018-11-01 00:00:00-04:00,2018,4,11,231.5467529296875,234.74535220415987,257.0821179528904,227.0562281051987,31140100,142720067,33046368091.757446,33.046368091757444,,,,,,,,21.783455,21.581612,2.1117184,5.4085097,,,,-14.248107707101132,Industrials,Aerospace & Defense,United States,97000,2018-Q4
NOC,NORTHROP GRUMMAN CORP,2018-12-01 00:00:00-05:00,2018,4,12,219.20907592773438,234.88222070466188,249.75871667183645,200.1703876758642,32754800,142720067,31285534003.414337,31.285534003414337,,,,,,,,21.783455,21.581612,2.1117184,5.4085097,,,,-18.687711514828788,Industrials,Aerospace & Defense,United States,97000,2018-Q4
NOC,NORTHROP GRUMMAN CORP,2019-01-01 00:00:00-05:00,2019,1,1,246.643798828125,215.87039429104433,254.6996663214705,212.20945334145375,24031500,142720067,35201019493.88452,35.20101949388452,,,,,,,,21.783455,21.581612,2.1117184,5.4085097,,,,-17.811987089137425,Industrials,Aerospace & Defense,United States,97000,2019-Q1
NOC,NORTHROP GRUMMAN CORP,2019-02-01 00:00:00-05:00,2019,1,2,259.54217529296875,247.86117681336114,260.965375459906,243.9496094517991,16947600,142720067,37041876647.138245,37.041876647138245,,,,,,,,21.783455,21.581612,2.1117184,5.4085097,,,,-15.86359275368656,Industrials,Aerospace & Defense,United States,97000,2019-Q1
NOC,NORTHROP GRUMMAN CORP,2019-03-01 00:00:00-05:00,2019,1,3,242.32943725585938,261.5647798404687,261.87938214084284,236.65770831356565,19829200,142720067,34585273521.228546,34.585273521228544,,,,,,,,21.783455,21.581612,2.1117184,5.4085097,,,,-21.236476027945862,Industrials,Aerospace & Defense,United States,97000,2019-Q1
NOC,NORTHROP GRUMMAN CORP,2019-04-01 00:00:00-04:00,2019,2,4,260.5849914550781,243.70462941302466,265.0882280991191,237.74526359635405,19168500,142720067,37190707439.66318,37.19070743966318,,,,,,,,21.783455,21.581612,2.1117184,5.4085097,,,,-8.478292604971005,Industrials,Aerospace & Defense,United States,97000,2019-Q2
NOC,NORTHROP GRUMMAN CORP,2019-05-01 00:00:00-04:00,2019,2,5,272.57562255859375,260.61195934082934,285.3842049871509,255.77615330521223,21776400,142720067,38902011114.12921,38.90201111412921,,,,,,,,21.783455,21.581612,2.1117184,5.4085097,,,,-5.7911333258234166,Industrials,Aerospace & Defense,United States,97000,2019-Q2
NOC,NORTHROP GRUMMAN CORP,2019-06-01 00:00:00-04:00,2019,2,6,291.66949462890625,273.52536418730153,293.31240459932457,269.21048723675676,16645800,142720067,41627089815.29364,41.62708981529364,,,,,,,,21.783455,21.581612,2.1117184,5.4085097,,,,7.21311170139074,Industrials,Aerospace & Defense,United States,97000,2019-Q2
NOC,NORTHROP GRUMMAN CORP,2019-07-01 00:00:00-04:00,2019,3,7,311.944091796875,293.37566248585483,324.0311547663087,286.94848314923655,17245800,142720067,44520681681.50415,44.52068168150415,,,,,,,,21.783455,21.581612,2.1117184,5.4085097,,,,16.98648263700566,Industrials,Aerospace & Defense,United States,97000,2019-Q3
NOC,NORTHROP GRUMMAN CORP,2019-08-01 00:00:00-04:00,2019,3,8,332.0740966796875,311.6732031265461,340.6226114883463,302.3664285282287,17085900,142720067,47393637327.08948,47.39363732708948,,,,,,,,21.783455,21.581612,2.1117184,5.4085097,,,,25.370116726639935,Industrials,Aerospace & Defense,United States,97000,2019-Q3
NOC,NORTHROP GRUMMAN CORP,2019-09-01 00:00:00-04:00,2019,3,9,338.3208312988281,329.16749714629697,346.53535559129415,308.0354185980393,22522000,142720067,48285171710.46445,48.28517171046445,,,,,,,,21.783455,21.581612,2.1117184,5.4085097,,,,19.645717517270555,Industrials,Aerospace & Defense,United States,97000,2019-Q3
NOC,NORTHROP GRUMMAN CORP,2019-10-01 00:00:00-04:00,2019,4,10,319.32568359375,340.6062015108164,341.6208497043885,308.20074350493036,24627200,142720067,45574182957.3208,45.5741829573208,,,,,,,,21.783455,21.581612,2.1117184,5.4085097,,,,36.819974945606624,Industrials,Aerospace & Defense,United States,97000,2019-Q4
NOC,NORTHROP GRUMMAN CORP,2019-11-01 00:00:00-04:00,2019,4,11,318.6824645996094,320.1138651056978,325.98433788857733,304.3414483305033,18796100,142720067,45482382699.38138,45.482382699381375,,,,,,,,21.783455,21.581612,2.1117184,5.4085097,,,,37.632016241826506,Industrials,Aerospace & Defense,United States,97000,2019-Q4
NOC,NORTHROP GRUMMAN CORP,2019-12-01 00:00:00-05:00,2019,4,12,312.7861022949219,320.0608320954251,320.9883501546682,307.3664363637967,17987300,142720067,44640853476.2001,44.64085347620011,,,,,,,,21.783455,21.581612,2.1117184,5.4085097,,,,42.6884817479166,Industrials,Aerospace & Defense,United States,97000,2019-Q4
NOC,NORTHROP GRUMMAN CORP,2020-01-01 00:00:00-05:00,2020,1,1,340.61199951171875,313.2135399240307,350.1055255200535,312.4678733494119,22488900,142720067,48612167391.31647,48.61216739131647,,,,,,,,21.783455,21.581612,2.1117184,5.4085097,,,,38.0987485313085,Industrials,Aerospace & Defense,United States,97000,2020-Q1
NOC,NORTHROP GRUMMAN CORP,2020-02-01 00:00:00-05:00,2020,1,2,299.02783203125,334.0283747354981,340.44835075182243,285.51503172356473,20584700,142720067,42677272222.364746,42.67727222236475,,,,,,,,21.783455,21.581612,2.1117184,5.4085097,,,,15.213580102621172,Industrials,Aerospace & Defense,United States,97000,2020-Q1
NOC,NORTHROP GRUMMAN CORP,2020-03-01 00:00:00-05:00,2020,1,3,276.1246337890625,301.59691886985024,317.59581058545103,240.3119470578783,35857000,142720067,39408526234.725464,39.408526234725464,,,,,,,,21.783455,21.581612,2.1117184,5.4085097,,,,13.945972439791143,Industrials,Aerospace & Defense,United States,97000,2020-Q1
NOC,NORTHROP GRUMMAN CORP,2020-04-01 00:00:00-04:00,2020,2,4,301.78863525390625,268.184560771225,325.9284228137339,265.236665383571,19903500,142720067,43071294243.27606,43.071294243276064,,,,,,,,21.783455,21.581612,2.1117184,5.4085097,,,,15.811978874436129,Industrials,Aerospace & Defense,United States,97000,2020-Q2
NOC,NORTHROP GRUMMAN CORP,2020-05-01 00:00:00-04:00,2020,2,5,305.92291259765625,298.4025932166841,318.31679354614096,280.48711574245556,17209900,142720067,43661338582.772644,43.66133858277264,,,,,,,,21.783455,21.581612,2.1117184,5.4085097,,,,12.234142483484224,Industrials,Aerospace & Defense,United States,97000,2020-Q2
NOC,NORTHROP GRUMMAN CORP,2020-06-01 00:00:00-04:00,2020,2,6,281.77978515625,307.6169331149237,320.11846761728805,269.4615410423901,22328000,142720067,40215629816.745605,40.215629816745604,,,,,,,,21.783455,21.581612,2.1117184,5.4085097,,,,-3.3907246574548466,Industrials,Aerospace & Defense,United States,97000,2020-Q2
NOC,NORTHROP GRUMMAN CORP,2020-07-01 00:00:00-04:00,2020,3,7,297.88323974609375,283.0903419627515,301.9618063213848,261.66173548754165,22610000,142720067,42513915934.73956,42.513915934739565,,,,,,,,21.783455,21.581612,2.1117184,5.4085097,,,,-4.507491060268931,Industrials,Aerospace & Defense,United States,97000,2020-Q3
NOC,NORTHROP GRUMMAN CORP,2020-08-01 00:00:00-04:00,2020,3,8,314.0141906738281,297.4890579672568,320.08167872385627,294.07954504419916,13580300,142720067,44816126331.919525,44.81612633191953,,,,,,,,21.783455,21.581612,2.1117184,5.4085097,,,,-5.438516941379989,Industrials,Aerospace & Defense,United States,97000,2020-Q3
NOC,NORTHROP GRUMMAN CORP,2020-09-01 00:00:00-04:00,2020,3,9,290.3642272949219,313.06950989668644,324.07700232054356,287.38227132177514,13383800,142720067,41440801973.93448,41.44080197393448,,,,,,,,21.783455,21.581612,2.1117184,5.4085097,,,,-14.174889503492526,Industrials,Aerospace & Defense,United States,97000,2020-Q3
NOC,NORTHROP GRUMMAN CORP,2020-10-01 00:00:00-04:00,2020,4,10,266.7386169433594,292.07611474635655,296.78835124418936,262.4221283191555,23760700,142720067,38068953281.643585,38.06895328164359,,,,,,,,21.783455,21.581612,2.1117184,5.4085097,,,,-16.468160674884057,Industrials,Aerospace & Defense,United States,97000,2020-Q4
NOC,NORTHROP GRUMMAN CORP,2020-11-01 00:00:00-04:00,2020,4,11,278.1878356933594,271.02744082740344,298.43574209023774,269.4352089857333,18155700,142720067,39702986548.74124,39.702986548741244,,,,,,,,21.783455,21.581612,2.1117184,5.4085097,,,,-12.706889585885184,Industrials,Aerospace & Defense,United States,97000,2020-Q4
NOC,NORTHROP GRUMMAN CORP,2020-12-01 00:00:00-05:00,2020,4,12,281.7603454589844,281.261024792279,286.5223041540886,270.70150025496184,20095700,142720067,40212855381.849396,40.212855381849394,,,,,,,,21.783455,21.581612,2.1117184,5.4085097,,,,-9.919160924446613,Industrials,Aerospace & Defense,United States,97000,2020-Q4
NOC,NORTHROP GRUMMAN CORP,2021-01-01 00:00:00-05:00,2021,1,1,265.01483154296875,281.1592962103258,285.5698816732484,261.5658932780586,24788400,142720067,37822934513.80621,37.82293451380621,,,,,,,,21.783455,21.581612,2.1117184,5.4085097,,,,-22.194511079210844,Industrials,Aerospace & Defense,United States,97000,2021-Q1
NOC,NORTHROP GRUMMAN CORP,2021-02-01 00:00:00-05:00,2021,1,2,269.68438720703125,266.69774686354066,283.54493126462563,265.9302970338724,22553900,142720067,38489373811.04144,38.489373811041446,,,,,,,,21.783455,21.581612,2.1117184,5.4085097,,,,-9.812947719579556,Industrials,Aerospace & Defense,United States,97000,2021-Q1
NOC,NORTHROP GRUMMAN CORP,2021-03-01 00:00:00-05:00,2021,1,3,300.6990966796875,271.81285712942054,303.03115841004035,271.81285712942054,25661100,142720067,42915795224.96448,42.91579522496448,,,,,,,,21.783455,21.581612,2.1117184,5.4085097,,,,8.89977201722536,Industrials,Aerospace & Defense,United States,97000,2021-Q1
NOC,NORTHROP GRUMMAN CORP,2021-04-01 00:00:00-04:00,2021,2,4,329.3157958984375,300.141566381451,331.5828406463527,298.5341858912371,19791800,142720067,46999972454.783325,46.999972454783325,,,,,,,,21.783455,21.581612,2.1117184,5.4085097,,,,9.121337727436817,Industrials,Aerospace & Defense,United States,97000,2021-Q2
NOC,NORTHROP GRUMMAN CORP,2021-05-01 00:00:00-04:00,2021,2,5,339.93560791015625,327.08594831638004,351.77253464065944,327.08594831638004,16901800,142720067,48515632736.62323,48.51563273662323,,,,,,,,21.783455,21.581612,2.1117184,5.4085097,,,,11.11806076363846,Industrials,Aerospace & Defense,United States,97000,2021-Q2
NOC,NORTHROP GRUMMAN CORP,2021-06-01 00:00:00-04:00,2021,2,6,339.105712890625,344.50819759149596,353.6616144327139,335.9052887787712,20725000,142720067,48397190063.83276,48.39719006383277,,,,,,,,21.783455,21.581612,2.1117184,5.4085097,,,,20.344230052765198,Industrials,Aerospace & Defense,United States,97000,2021-Q2
NOC,NORTHROP GRUMMAN CORP,2021-07-01 00:00:00-04:00,2021,3,7,338.7231140136719,340.13205904557833,348.9495833117484,327.1717295298723,13120800,142720067,48342585526.47989,48.34258552647989,,,,,,,,21.783455,21.581612,2.1117184,5.4085097,,,,13.710027560593453,Industrials,Aerospace & Defense,United States,97000,2021-Q3
NOC,NORTHROP GRUMMAN CORP,2021-08-01 00:00:00-04:00,2021,3,8,343.0898742675781,339.469557859614,346.87813645322177,332.6488179629231,11496800,142720067,48965809842.490326,48.96580984249032,,,,,,,,21.783455,21.581612,2.1117184,5.4085097,,,,9.259353385067692,Industrials,Aerospace & Defense,United States,97000,2021-Q3
NOC,NORTHROP GRUMMAN CORP,2021-09-01 00:00:00-04:00,2021,3,9,337.48992919921875,344.74296015811404,345.2208523231376,323.19008357021914,15838300,142720067,48166585307.13776,48.16658530713776,,,,,,,,21.783455,21.581612,2.1117184,5.4085097,,,,16.229858045299594,Industrials,Aerospace & Defense,United States,97000,2021-Q3
NOC,NORTHROP GRUMMAN CORP,2021-10-01 00:00:00-04:00,2021,4,10,334.7442321777344,338.9704786111626,382.35733771936856,329.8526659311078,16200800,142720067,47774719244.269806,47.774719244269804,,,,,,,,21.783455,21.581612,2.1117184,5.4085097,,,,25.495226755567856,Industrials,Aerospace & Defense,United States,97000,2021-Q4
NOC,NORTHROP GRUMMAN CORP,2021-11-01 00:00:00-04:00,2021,4,11,326.8540344238281,334.53811460155924,345.1271247171906,324.13650363815333,16521100,142720067,46648629692.18906,46.648629692189054,,,,,,,,21.783455,21.581612,2.1117184,5.4085097,,,,17.494006741586098,Industrials,Aerospace & Defense,United States,97000,2021-Q4
NOC,NORTHROP GRUMMAN CORP,2021-12-01 00:00:00-05:00,2021,4,12,364.29888916015625,329.0520408177372,365.37180864416166,325.56030614363584,15029900,142720067,51992761868.96307,51.99276186896307,,,,,,,,21.783455,21.581612,2.1117184,5.4085097,,,,29.29388220571547,Industrials,Aerospace & Defense,United States,97000,2021-Q4
NOC,NORTHROP GRUMMAN CORP,2022-01-01 00:00:00-05:00,2022,1,1,348.13897705078125,364.18595199339774,384.91051694712,345.2966523595877,18467000,142720067,49686418129.99896,49.68641812999896,,,,,,,,21.783455,21.581612,2.1117184,5.4085097,,,,31.365846591999123,Industrials,Aerospace & Defense,United States,97000,2022-Q1
NOC,NORTHROP GRUMMAN CORP,2022-02-01 00:00:00-05:00,2022,1,2,416.129150390625,348.12957984818325,416.8820753229582,343.16959279108596,20141400,142720067,59389980224.403076,59.389980224403075,,,,,,,,21.783455,21.581612,2.1117184,5.4085097,,,,54.302277080345426,Industrials,Aerospace & Defense,United States,97000,2022-Q1
NOC,NORTHROP GRUMMAN CORP,2022-03-01 00:00:00-05:00,2022,1,3,422.587890625,419.8570530264467,463.7864831750437,393.3047758987179,29339600,142720067,60311772063.38867,60.31177206338867,,,,,,,,21.783455,21.581612,2.1117184,5.4085097,,,,40.53513804703963,Industrials,Aerospace & Defense,United States,97000,2022-Q1
NOC,NORTHROP GRUMMAN CORP,2022-04-01 00:00:00-04:00,2022,2,4,415.1986083984375,421.9831395971285,450.9733606086371,408.57472658432744,15160200,142720067,59257173208.93176,59.25717320893176,,,,,,,,21.783455,21.581612,2.1117184,5.4085097,,,,26.079165824917382,Industrials,Aerospace & Defense,United States,97000,2022-Q2
NOC,NORTHROP GRUMMAN CORP,2022-05-01 00:00:00-04:00,2022,2,5,442.1949768066406,413.0441387233355,450.2456987214341,408.13056354423287,17681700,142720067,63110096716.907196,63.110096716907194,,,,,,,,21.783455,21.581612,2.1117184,5.4085097,,,,30.081982151017005,Industrials,Aerospace & Defense,United States,97000,2022-Q2
NOC,NORTHROP GRUMMAN CORP,2022-06-01 00:00:00-04:00,2022,2,6,453.89111328125,443.65752380465153,466.9130662346636,413.58275291761277,18067400,142720067,64779370098.20459,64.7793700982046,,,,,,,,21.783455,21.581612,2.1117184,5.4085097,,,,33.849444591235134,Industrials,Aerospace & Defense,United States,97000,2022-Q2
NOC,NORTHROP GRUMMAN CORP,2022-07-01 00:00:00-04:00,2022,3,7,454.2040100097656,453.8910402326041,462.73989671301644,411.4961246955878,15275200,142720067,64824026740.26242,64.82402674026243,,,,,,,,21.783455,21.581612,2.1117184,5.4085097,,,,34.09300730254641,Industrials,Aerospace & Defense,United States,97000,2022-Q3
NOC,NORTHROP GRUMMAN CORP,2022-08-01 00:00:00-04:00,2022,3,8,453.3409423828125,456.5466467493023,471.5603395296196,441.7605973006549,14459100,142720067,64700849670.71814,64.70084967071814,,,,,,,,21.783455,21.581612,2.1117184,5.4085097,,,,32.13474846804976,Industrials,Aerospace & Defense,United States,97000,2022-Q3
NOC,NORTHROP GRUMMAN CORP,2022-09-01 00:00:00-04:00,2022,3,9,447.632568359375,453.0004892274794,490.6236279527293,441.88391957605387,17957600,142720067,63886150147.63208,63.88615014763208,,,,,,,,21.783455,21.581612,2.1117184,5.4085097,,,,32.63582988135316,Industrials,Aerospace & Defense,United States,97000,2022-Q3
NOC,NORTHROP GRUMMAN CORP,2022-10-01 00:00:00-04:00,2022,4,10,522.5267944335938,453.4574284390929,529.436594916117,440.7704264249136,22886100,142720067,74575059110.85773,74.57505911085772,,,,,,,,21.783455,21.581612,2.1117184,5.4085097,,,,56.09732572065802,Industrials,Aerospace & Defense,United States,97000,2022-Q4
NOC,NORTHROP GRUMMAN CORP,2022-11-01 00:00:00-04:00,2022,4,11,507.5649719238281,523.1072566230114,523.5736105576445,455.37989112017397,21349000,142720067,72439706799.82187,72.43970679982186,,,,,,,,21.783455,21.581612,2.1117184,5.4085097,,,,55.28796296443264,Industrials,Aerospace & Defense,United States,97000,2022-Q4
NOC,NORTHROP GRUMMAN CORP,2022-12-01 00:00:00-05:00,2022,4,12,521.016357421875,510.5217461908754,525.0843452341534,498.0886101928923,13171900,142720067,74359489439.34595,74.35948943934595,,,,,,,,21.783455,21.581612,2.1117184,5.4085097,,,,43.01892564729213,Industrials,Aerospace & Defense,United States,97000,2022-Q4
NOC,NORTHROP GRUMMAN CORP,2023-01-01 00:00:00-05:00,2023,1,1,427.8443603515625,520.3574169372527,523.1076040263433,411.5151463665732,29611900,142720067,61061975774.94714,61.06197577494714,,,,,,,,21.783455,21.581612,2.1117184,5.4085097,,,,22.894702562751256,Industrials,Aerospace & Defense,United States,97000,2023-Q1
NOC,NORTHROP GRUMMAN CORP,2023-02-01 00:00:00-05:00,2023,1,2,443.18994140625,425.37107806440105,460.5982233994632,416.3470309882538,19260900,142720067,63252098131.226074,63.25209813122608,,,,,,,,21.783455,21.581612,2.1117184,5.4085097,,,,6.502978940605986,Industrials,Aerospace & Defense,United States,97000,2023-Q1
NOC,NORTHROP GRUMMAN CORP,2023-03-01 00:00:00-05:00,2023,1,3,442.5151672363281,442.7547687080352,456.1724511236325,421.57399275948273,20521100,142720067,63155794316.484955,63.15579431648496,,,,,,,,21.783455,21.581612,2.1117184,5.4085097,,,,4.715534224574225,Industrials,Aerospace & Defense,United States,97000,2023-Q1
NOC,NORTHROP GRUMMAN CORP,2023-04-01 00:00:00-04:00,2023,2,4,442.0838928222656,444.02945569032687,463.2934207338669,424.5738270097146,13870000,142720067,63094242803.21457,63.09424280321457,,,,,,,,21.783455,21.581612,2.1117184,5.4085097,,,,6.475282883903155,Industrials,Aerospace & Defense,United States,97000,2023-Q2
NOC,NORTHROP GRUMMAN CORP,2023-05-01 00:00:00-04:00,2023,2,5,417.3761291503906,442.73556747465136,446.6458502382146,411.2519313463604,14513700,142720067,59567949116.5444,59.567949116544405,,,,,,,,21.783455,21.581612,2.1117184,5.4085097,,,,-5.6126480303964605,Industrials,Aerospace & Defense,United States,97000,2023-Q2
NOC,NORTHROP GRUMMAN CORP,2023-06-01 00:00:00-04:00,2023,2,6,438.7338562011719,420.41638149396147,445.3081427654535,417.297703460501,14279300,142720067,62616125352.199615,62.61612535219962,,,,,,,,21.783455,21.581612,2.1117184,5.4085097,,,,-3.3394037989649017,Industrials,Aerospace & Defense,United States,97000,2023-Q2
NOC,NORTHROP GRUMMAN CORP,2023-07-01 00:00:00-04:00,2023,3,7,428.3382873535156,436.1446182208199,444.70177248836904,415.44962231497584,15692000,142720067,61132469069.759,61.132469069759004,,,,,,,,21.783455,21.581612,2.1117184,5.4085097,,,,-5.694736745211449,Industrials,Aerospace & Defense,United States,97000,2023-Q3
NOC,NORTHROP GRUMMAN CORP,2023-08-01 00:00:00-04:00,2023,3,8,416.8742370605469,429.1949969780934,432.8238300314779,405.93959237584977,15379200,142720067,59496319043.85513,59.49631904385513,,,,,,,,21.783455,21.581612,2.1117184,5.4085097,,,,-8.043991158308451,Industrials,Aerospace & Defense,United States,97000,2023-Q3
NOC,NORTHROP GRUMMAN CORP,2023-09-01 00:00:00-04:00,2023,3,9,425.5497131347656,420.7546861483443,429.09763599981153,402.85062436806174,13868200,142720067,60734483570.42453,60.73448357042453,,,,,,,,21.783455,21.581612,2.1117184,5.4085097,,,,-4.93325481332727,Industrials,Aerospace & Defense,United States,97000,2023-Q3
NOC,NORTHROP GRUMMAN CORP,2023-10-01 00:00:00-04:00,2023,4,10,455.7506408691406,425.76234972862034,480.36388463990886,400.77209236022514,23613600,142720067,65044762000.13669,65.04476200013669,,,,,,,,21.783455,21.581612,2.1117184,5.4085097,,,,-12.779469737401094,Industrials,Aerospace & Defense,United States,97000,2023-Q4
NOC,NORTHROP GRUMMAN CORP,2023-11-01 00:00:00-04:00,2023,4,11,459.35662841796875,458.96026109240677,461.13542820658876,441.95529150451256,15106300,142720067,65559408784.706604,65.5594087847066,,,,,,,,21.783455,21.581612,2.1117184,5.4085097,,,,-9.497965023696342,Industrials,Aerospace & Defense,United States,97000,2023-Q4
NOC,NORTHROP GRUMMAN CORP,2023-12-01 00:00:00-05:00,2023,4,12,454.3723449707031,462.37971825372273,472.09531102880044,441.6187689422929,12731400,142720067,64848051517.16586,64.84805151716586,,,,,,,,21.783455,21.581612,2.1117184,5.4085097,,,,-12.791155498638052,Industrials,Aerospace & Defense,United States,97000,2023-Q4
NOC,NORTHROP GRUMMAN CORP,2024-01-01 00:00:00-05:00,2024,1,1,433.62115478515625,455.3914992951702,469.6009331883021,413.4716803220234,22418600,142720067,61886440263.55487,61.88644026355487,,,,,,,,21.783455,21.581612,2.1117184,5.4085097,,,,1.3502093211762656,Industrials,Aerospace & Defense,United States,97000,2024-Q1
NOC,NORTHROP GRUMMAN CORP,2024-02-01 00:00:00-05:00,2024,1,2,447.4617614746094,433.63084252756977,452.05266663745226,427.29288576681734,20489500,142720067,63861772577.59427,63.861772577594266,,,,,,,,21.783455,21.581612,2.1117184,5.4085097,,,,0.9638801943033348,Industrials,Aerospace & Defense,United States,97000,2024-Q1
NOC,NORTHROP GRUMMAN CORP,2024-03-01 00:00:00-05:00,2024,1,3,466.4916076660156,449.2805529785624,468.5284725476006,441.6203825552361,15073000,142720067,66577713501.03146,66.57771350103147,,,,,,,,21.783455,21.581612,2.1117184,5.4085097,,,,5.4182189007055515,Industrials,Aerospace & Defense,United States,97000,2024-Q1
NOC,NORTHROP GRUMMAN CORP,2024-04-01 00:00:00-04:00,2024,2,4,472.69970703125,466.2285226483278,478.1281152471265,434.8763259579104,25404000,142720067,67463733858.38037,67.46373385838037,10218000000.0,10218.0,2191000000.0,940000000.0,1090000000.0,1626000000.0,1.6506100474256304,21.783455,21.581612,2.1117184,5.4085097,,,,6.9253403496637,Industrials,Aerospace & Defense,United States,97000,2024-Q2
NOC,NORTHROP GRUMMAN CORP,2024-05-01 00:00:00-04:00,2024,2,5,439.3106384277344,472.7874081309506,477.80648030013816,433.52164109340356,20895500,142720067,62698443750.219025,62.69844375021903,10218000000.0,10218.0,2191000000.0,940000000.0,1090000000.0,1626000000.0,1.534019469324208,21.783455,21.581612,2.1117184,5.4085097,,0.0,,5.255333917153715,Industrials,Aerospace & Defense,United States,97000,2024-Q2
NOC,NORTHROP GRUMMAN CORP,2024-06-01 00:00:00-04:00,2024,2,6,426.7489929199219,439.71934272577005,443.8306809665522,409.7651704070013,19619500,142720067,60905644861.713776,60.905644861713775,10218000000.0,10218.0,2191000000.0,940000000.0,1090000000.0,1626000000.0,1.4901557267007677,21.783455,21.581612,2.1117184,5.4085097,,0.0,,-2.7316932832634144,Industrials,Aerospace & Defense,United States,97000,2024-Q2
NOC,NORTHROP GRUMMAN CORP,2024-07-01 00:00:00-04:00,2024,3,7,474.0981140136719,428.3641692447456,479.0513169851881,413.7688510475956,18855000,142720067,67663314596.60489,67.66331459660489,9996000000.0,9996.0,2106000000.0,1026000000.0,1120000000.0,1680000000.0,1.6922597688226513,21.783455,21.581612,2.1117184,5.4085097,,-2.172636523781557,,10.683104455332003,Industrials,Aerospace & Defense,United States,97000,2024-Q3
NOC,NORTHROP GRUMMAN CORP,2024-08-01 00:00:00-04:00,2024,3,8,512.1673583984375,475.5468855887497,512.568678812097,470.5349510613949,14361800,142720067,73096559705.83801,73.09655970583802,9996000000.0,9996.0,2106000000.0,1026000000.0,1120000000.0,1680000000.0,1.8281452507462488,21.783455,21.581612,2.1117184,5.4085097,,0.0,-2.172636523781557,22.85896149635418,Industrials,Aerospace & Defense,United States,97000,2024-Q3
NOC,NORTHROP GRUMMAN CORP,2024-09-01 00:00:00-04:00,2024,3,9,516.9247436523438,511.6191530344838,523.3266911562492,497.4055880337923,11399200,142720067,73775534048.02032,73.77553404802032,9996000000.0,9996.0,2106000000.0,1026000000.0,1120000000.0,1680000000.0,1.8451264017612126,21.783455,21.581612,2.1117184,5.4085097,,0.0,-2.172636523781557,21.47223407683063,Industrials,Aerospace & Defense,United States,97000,2024-Q3
NOC,NORTHROP GRUMMAN CORP,2024-10-01 00:00:00-04:00,2024,4,10,500.2463684082031,519.076124522949,545.9940366958643,493.1999694655907,15428400,142720067,71395195215.72543,71.39519521572544,10686000000.0,10686.0,1932000000.0,1264000000.0,1089000000.0,2125000000.0,1.670297473697488,21.783455,21.581612,2.1117184,5.4085097,,6.902761104441768,4.580152671755733,9.763173882587806,Industrials,Aerospace & Defense,United States,97000,2024-Q4
NOC,NORTHROP GRUMMAN CORP,2024-11-01 00:00:00-04:00,2024,4,11,481.210205078125,505.04225307970535,530.4565061369074,470.1737887159245,15256800,142720067,68678352709.83374,68.67835270983375,10686000000.0,10686.0,1932000000.0,1264000000.0,1089000000.0,2125000000.0,1.6067366814016877,21.783455,21.581612,2.1117184,5.4085097,,0.0,6.902761104441768,4.757431439581117,Industrials,Aerospace & Defense,United States,97000,2024-Q4
NOC,NORTHROP GRUMMAN CORP,2024-12-01 00:00:00-05:00,2024,4,12,461.201171875,478.60590810261226,480.7483257088737,454.8328524856233,15438600,142720067,65822662150.478516,65.82266215047852,10686000000.0,10686.0,1932000000.0,1264000000.0,1089000000.0,2125000000.0,1.53992752551185,21.783455,21.581612,2.1117184,5.4085097,,0.0,6.902761104441768,1.5029142904234627,Industrials,Aerospace & Defense,United States,97000,2024-Q4
NOC,NORTHROP GRUMMAN CORP,2025-01-01 00:00:00-05:00,2025,1,1,480.8944091796875,465.81433827257047,501.02751384248364,444.9114706757644,17416200,142720067,68633282298.050415,68.63328229805042,9468000000.0,9468.0,1580000000.0,481000000.0,573000000.0,1071000000.0,1.8122434066870092,21.783455,21.581612,2.1117184,5.4085097,,-11.398090960134756,-5.2821128451380535,10.901971426637026,Industrials,Aerospace & Defense,United States,97000,2025-Q1
NOC,NORTHROP GRUMMAN CORP,2025-02-01 00:00:00-05:00,2025,1,2,455.6984558105469,482.01951136671846,486.8751198524258,420.6629476816907,20686400,142720067,65037314145.07779,65.03731414507779,9468000000.0,9468.0,1580000000.0,481000000.0,573000000.0,1071000000.0,1.7172928323056027,21.783455,21.581612,2.1117184,5.4085097,,0.0,-11.398090960134756,1.8407593776937459,Industrials,Aerospace & Defense,United States,97000,2025-Q1
NOC,NORTHROP GRUMMAN CORP,2025-03-01 00:00:00-05:00,2025,1,3,505.3106994628906,460.25797524422313,512.1006840595462,457.08013571528323,22806400,142720067,72117976883.16061,72.11797688316061,9468000000.0,9468.0,1580000000.0,481000000.0,573000000.0,1071000000.0,1.9042558323605991,21.783455,21.581612,2.1117184,5.4085097,,0.0,-11.398090960134756,8.321498427613182,Industrials,Aerospace & Defense,United States,97000,2025-Q1
NOC,NORTHROP GRUMMAN CORP,2025-04-01 00:00:00-04:00,2025,2,4,482.28619384765625,510.0833043890325,540.0415861670613,446.2312164266363,30688300,142720067,68831917899.11249,68.83191789911248,10351000000.0,10351.0,2210000000.0,1174000000.0,1194000000.0,1950000000.0,1.6624460897283473,21.783455,21.581612,2.1117184,5.4085097,,9.326151246303338,-3.1349429159648112,2.0280289312242905,Industrials,Aerospace & Defense,United States,97000,2025-Q2
NOC,NORTHROP GRUMMAN CORP,2025-05-01 00:00:00-04:00,2025,2,5,480.5711669921875,480.9677266057117,494.21199480899327,449.08627593707917,20982900,142720067,68587149151.39319,68.58714915139319,10351000000.0,10351.0,2210000000.0,1174000000.0,1194000000.0,1950000000.0,1.6565343723165198,21.783455,21.581612,2.1117184,5.4085097,,0.0,9.326151246303338,9.392107760495394,Industrials,Aerospace & Defense,United States,97000,2025-Q2
NOC,NORTHROP GRUMMAN CORP,2025-06-01 00:00:00-04:00,2025,2,6,495.6494445800781,476.9627074101114,514.9309606599954,467.9315977528521,16315300,142720067,70739121938.98154,70.73912193898154,10351000000.0,10351.0,2210000000.0,1174000000.0,1194000000.0,1950000000.0,1.708509369601525,21.783455,21.581612,2.1117184,5.4085097,,0.0,9.326151246303338,16.14542806269381,Industrials,Aerospace & Defense,United States,97000,2025-Q2
NOC,NORTHROP GRUMMAN CORP,2025-07-01 00:00:00-04:00,2025,3,7,574.3525390625,497.99269213203223,575.1195439429852,487.60350280862104,17426900,142720067,81971632856.62012,81.97163285662012,,,,,,,,21.783455,21.581612,2.1117184,5.4085097,,0.0,9.326151246303338,21.146345468469207,Industrials,Aerospace & Defense,United States,97000,2025-Q3
NOC,NORTHROP GRUMMAN CORP,2025-08-01 00:00:00-04:00,2025,3,8,587.72998046875,574.8805202506818,598.6371235441854,570.7069216052396,14992900,142720067,83880862190.40869,83.88086219040869,,,,,,,,21.783455,21.581612,2.1117184,5.4085097,,0.0,0.0,14.753502118252726,Industrials,Aerospace & Defense,United States,97000,2025-Q3
NOC,NORTHROP GRUMMAN CORP,2025-09-01 00:00:00-04:00,2025,3,9,606.9345092773438,589.5627847379617,607.7313651046874,563.2860580166539,15849100,142720067,86621733828.67462,86.62173382867462,,,,,,,,21.783455,21.581612,2.1117184,5.4085097,,0.0,0.0,17.4125473253677,Industrials,Aerospace & Defense,United States,97000,2025-Q3
NOC,NORTHROP GRUMMAN CORP,2025-10-01 00:00:00-04:00,2025,4,10,605.5800170898438,607.219970703125,640.9000244140625,571.3599853515625,14338247,142720067,86428420612.92365,86.42842061292365,,,,,,,,21.783455,21.581612,2.1117184,5.4085097,,0.0,0.0,21.056354495249007,Industrials,Aerospace & Defense,United States,97000,2025-Q4
