ticker,company_name,date,year,quarter,month,close_price,open_price,high_price,low_price,volume,shares_outstanding,market_cap,market_cap_billions,revenue,revenue_millions,gross_profit,net_income,operating_income,ebitda,ps_ratio,current_pe,forward_pe,current_ps,current_pb,peg_ratio,revenue_qoq_pct,revenue_yoy_pct,market_cap_yoy_pct,sector,industry,country,employees,year_quarter
NOW,SERVICENOW INC,2015-01-01 00:00:00-05:00,2015,1,1,72.9000015258789,67.80999755859375,74.3499984741211,62.54999923706055,22384100,207519000,15128135416.648865,15.128135416648865,,,,,,,,117.594185,55.6988,16.009617,17.656984,,,,,Technology,Software - Application,United States,26293,2015-Q1
NOW,SERVICENOW INC,2015-02-01 00:00:00-05:00,2015,1,2,76.26000213623047,72.33000183105469,81.23999786376953,70.06999969482422,26799300,207519000,15825399383.30841,15.82539938330841,,,,,,,,117.594185,55.6988,16.009617,17.656984,,,,,Technology,Software - Application,United States,26293,2015-Q1
NOW,SERVICENOW INC,2015-03-01 00:00:00-05:00,2015,1,3,78.77999877929688,75.97000122070312,81.0,72.41999816894531,23444500,207519000,16348346566.680908,16.34834656668091,,,,,,,,117.594185,55.6988,16.009617,17.656984,,,,,Technology,Software - Application,United States,26293,2015-Q1
NOW,SERVICENOW INC,2015-04-01 00:00:00-04:00,2015,2,4,74.86000061035156,78.55000305175781,83.5199966430664,70.31999969482422,49046200,207519000,15534872466.659546,15.534872466659547,,,,,,,,117.594185,55.6988,16.009617,17.656984,,,,,Technology,Software - Application,United States,26293,2015-Q2
NOW,SERVICENOW INC,2015-05-01 00:00:00-04:00,2015,2,5,76.61000061035156,74.56999969482422,79.12999725341797,71.41999816894531,26783000,207519000,15898030716.659546,15.898030716659546,,,,,,,,117.594185,55.6988,16.009617,17.656984,,,,,Technology,Software - Application,United States,26293,2015-Q2
NOW,SERVICENOW INC,2015-06-01 00:00:00-04:00,2015,2,6,74.30999755859375,76.63999938964844,81.66999816894531,73.45999908447266,25931800,207519000,15420736383.361816,15.420736383361817,,,,,,,,117.594185,55.6988,16.009617,17.656984,,,,,Technology,Software - Application,United States,26293,2015-Q2
NOW,SERVICENOW INC,2015-07-01 00:00:00-04:00,2015,3,7,80.5,75.41999816894531,81.20999908447266,72.08000183105469,26687900,207519000,16705279500.0,16.7052795,,,,,,,,117.594185,55.6988,16.009617,17.656984,,,,,Technology,Software - Application,United States,26293,2015-Q3
NOW,SERVICENOW INC,2015-08-01 00:00:00-04:00,2015,3,8,70.95999908447266,80.5,80.95999908447266,64.29000091552734,27557700,207519000,14725548050.010681,14.725548050010682,,,,,,,,117.594185,55.6988,16.009617,17.656984,,,,,Technology,Software - Application,United States,26293,2015-Q3
NOW,SERVICENOW INC,2015-09-01 00:00:00-04:00,2015,3,9,69.44999694824219,69.58999633789062,75.62000274658203,67.06999969482422,26082200,207519000,14412193916.70227,14.41219391670227,,,,,,,,117.594185,55.6988,16.009617,17.656984,,,,,Technology,Software - Application,United States,26293,2015-Q3
NOW,SERVICENOW INC,2015-10-01 00:00:00-04:00,2015,4,10,81.6500015258789,69.13999938964844,82.91000366210938,67.6500015258789,33012900,207519000,16943926666.648865,16.943926666648863,,,,,,,,117.594185,55.6988,16.009617,17.656984,,,,,Technology,Software - Application,United States,26293,2015-Q4
NOW,SERVICENOW INC,2015-11-01 00:00:00-04:00,2015,4,11,87.01000213623047,81.68000030517578,87.73999786376953,80.63999938964844,22829900,207519000,18056228633.30841,18.05622863330841,,,,,,,,117.594185,55.6988,16.009617,17.656984,,,,,Technology,Software - Application,United States,26293,2015-Q4
NOW,SERVICENOW INC,2015-12-01 00:00:00-05:00,2015,4,12,86.55999755859375,87.2699966430664,91.27999877929688,82.12000274658203,30084000,207519000,17962844133.361816,17.962844133361816,,,,,,,,117.594185,55.6988,16.009617,17.656984,,,,,Technology,Software - Application,United States,26293,2015-Q4
NOW,SERVICENOW INC,2016-01-01 00:00:00-05:00,2016,1,1,62.209999084472656,84.9800033569336,85.66999816894531,57.66999816894531,57720000,207519000,12909756800.010681,12.909756800010681,,,,,,,,117.594185,55.6988,16.009617,17.656984,,,,-14.663926224489021,Technology,Software - Application,United States,26293,2016-Q1
NOW,SERVICENOW INC,2016-02-01 00:00:00-05:00,2016,1,2,54.9900016784668,61.599998474121094,62.83000183105469,46.0,71744400,207519000,11411470158.313751,11.411470158313751,,,,,,,,117.594185,55.6988,16.009617,17.656984,,,,-27.891423894490664,Technology,Software - Application,United States,26293,2016-Q1
NOW,SERVICENOW INC,2016-03-01 00:00:00-05:00,2016,1,3,61.18000030517578,55.84000015258789,63.68000030517578,55.36000061035156,44134700,207519000,12696012483.329773,12.696012483329772,,,,,,,,117.594185,55.6988,16.009617,17.656984,,,,-22.34069401730724,Technology,Software - Application,United States,26293,2016-Q1
NOW,SERVICENOW INC,2016-04-01 00:00:00-04:00,2016,2,4,71.4800033569336,61.130001068115234,76.83999633789062,60.04999923706055,47463800,207519000,14833458816.627502,14.833458816627502,,,,,,,,117.594185,55.6988,16.009617,17.656984,,,,-4.5150911379375325,Technology,Software - Application,United States,26293,2016-Q2
NOW,SERVICENOW INC,2016-05-01 00:00:00-04:00,2016,2,5,71.62999725341797,71.44999694824219,72.0999984741211,65.83000183105469,32175700,207519000,14864585400.032043,14.864585400032043,,,,,,,,117.594185,55.6988,16.009617,17.656984,,,,-6.50046118947647,Technology,Software - Application,United States,26293,2016-Q2
NOW,SERVICENOW INC,2016-06-01 00:00:00-04:00,2016,2,6,66.4000015258789,71.37999725341797,77.76000213623047,63.5099983215332,33620300,207519000,13779261916.648865,13.779261916648865,,,,,,,,117.594185,55.6988,16.009617,17.656984,,,,-10.644591969576878,Technology,Software - Application,United States,26293,2016-Q2
NOW,SERVICENOW INC,2016-07-01 00:00:00-04:00,2016,3,7,74.91999816894531,66.5199966430664,78.7699966430664,64.30999755859375,31527300,207519000,15547323100.021362,15.547323100021362,,,,,,,,117.594185,55.6988,16.009617,17.656984,,,,-6.9316792932356375,Technology,Software - Application,United States,26293,2016-Q3
NOW,SERVICENOW INC,2016-08-01 00:00:00-04:00,2016,3,8,72.66999816894531,74.79000091552734,76.80999755859375,71.25,25470900,207519000,15080405350.021362,15.080405350021362,,,,,,,,117.594185,55.6988,16.009617,17.656984,,,,2.4098070836176655,Technology,Software - Application,United States,26293,2016-Q3
NOW,SERVICENOW INC,2016-09-01 00:00:00-04:00,2016,3,9,79.1500015258789,72.12999725341797,80.30999755859375,71.33999633789062,31302500,207519000,16425129166.648865,16.425129166648865,,,,,,,,117.594185,55.6988,16.009617,17.656984,,,,13.966889854387855,Technology,Software - Application,United States,26293,2016-Q3
NOW,SERVICENOW INC,2016-10-01 00:00:00-04:00,2016,4,10,87.91000366210938,79.06999969482422,89.79000091552734,73.0199966430664,47127000,207519000,18242996049.957275,18.242996049957274,,,,,,,,117.594185,55.6988,16.009617,17.656984,,,,7.666873263004614,Technology,Software - Application,United States,26293,2016-Q4
NOW,SERVICENOW INC,2016-11-01 00:00:00-04:00,2016,4,11,83.1500015258789,87.44999694824219,88.4000015258789,80.5,31929800,207519000,17255205166.648865,17.255205166648864,,,,,,,,117.594185,55.6988,16.009617,17.656984,,,,-4.436272285464382,Technology,Software - Application,United States,26293,2016-Q4
NOW,SERVICENOW INC,2016-12-01 00:00:00-05:00,2016,4,12,74.33999633789062,83.19999694824219,83.5,72.80000305175781,27527900,207519000,15426961700.042725,15.426961700042725,,,,,,,,117.594185,55.6988,16.009617,17.656984,,,,-14.11737703947048,Technology,Software - Application,United States,26293,2016-Q4
NOW,SERVICENOW INC,2017-01-01 00:00:00-05:00,2017,1,1,90.62000274658203,75.30999755859375,92.9800033569336,74.62999725341797,32530100,207519000,18805372349.967957,18.805372349967957,,,,,,,,117.594185,55.6988,16.009617,17.656984,,,,45.667905610370575,Technology,Software - Application,United States,26293,2017-Q1
NOW,SERVICENOW INC,2017-02-01 00:00:00-05:00,2017,1,2,86.91999816894531,91.16999816894531,94.72000122070312,86.81999969482422,33199300,207519000,18037551100.021362,18.03755110002136,,,,,,,,117.594185,55.6988,16.009617,17.656984,,,,58.06509459151697,Technology,Software - Application,United States,26293,2017-Q1
NOW,SERVICENOW INC,2017-03-01 00:00:00-05:00,2017,1,3,87.47000122070312,88.0199966430664,89.47000122070312,83.41999816894531,27726300,207519000,18151687183.31909,18.15168718331909,,,,,,,,117.594185,55.6988,16.009617,17.656984,,,,42.97156061521501,Technology,Software - Application,United States,26293,2017-Q1
NOW,SERVICENOW INC,2017-04-01 00:00:00-04:00,2017,2,4,94.4800033569336,87.5999984741211,96.91999816894531,84.02999877929688,27599600,207519000,19606395816.627502,19.6063958166275,,,,,,,,117.594185,55.6988,16.009617,17.656984,,,,32.17683116934127,Technology,Software - Application,United States,26293,2017-Q2
NOW,SERVICENOW INC,2017-05-01 00:00:00-04:00,2017,2,5,104.6500015258789,94.63999938964844,106.80000305175781,93.70999908447266,45405300,207519000,21716863666.648865,21.716863666648866,,,,,,,,117.594185,55.6988,16.009617,17.656984,,,,46.098011361972134,Technology,Software - Application,United States,26293,2017-Q2
NOW,SERVICENOW INC,2017-06-01 00:00:00-04:00,2017,2,6,106.0,105.18000030517578,110.66000366210938,99.01000213623047,49403100,207519000,21997014000.0,21.997014,,,,,,,,117.594185,55.6988,16.009617,17.656984,,,,59.63855054835698,Technology,Software - Application,United States,26293,2017-Q2
NOW,SERVICENOW INC,2017-07-01 00:00:00-04:00,2017,3,7,110.44999694824219,106.55000305175781,115.8499984741211,103.22000122070312,40733000,207519000,22920472916.70227,22.92047291670227,,,,,,,,117.594185,55.6988,16.009617,17.656984,,,,47.423918376474575,Technology,Software - Application,United States,26293,2017-Q3
NOW,SERVICENOW INC,2017-08-01 00:00:00-04:00,2017,3,8,116.19000244140625,110.87999725341797,116.54000091552734,103.0,27469900,207519000,24111633116.638184,24.111633116638185,,,,,,,,117.594185,55.6988,16.009617,17.656984,,,,59.88716852762865,Technology,Software - Application,United States,26293,2017-Q3
NOW,SERVICENOW INC,2017-09-01 00:00:00-04:00,2017,3,9,117.52999877929688,116.30000305175781,118.63999938964844,110.16999816894531,24325900,207519000,24389707816.68091,24.389707816680907,,,,,,,,117.594185,55.6988,16.009617,17.656984,,,,48.49020406003306,Technology,Software - Application,United States,26293,2017-Q3
NOW,SERVICENOW INC,2017-10-01 00:00:00-04:00,2017,4,10,126.37000274658203,117.6500015258789,129.55999755859375,116.22000122070312,32659500,207519000,26224176599.967957,26.224176599967958,,,,,,,,117.594185,55.6988,16.009617,17.656984,,,,43.74928618169258,Technology,Software - Application,United States,26293,2017-Q4
NOW,SERVICENOW INC,2017-11-01 00:00:00-04:00,2017,4,11,123.0,127.19999694824219,130.0500030517578,120.1500015258789,23259800,207519000,25524837000.0,25.524837,,,,,,,,117.594185,55.6988,16.009617,17.656984,,,,47.92543324454242,Technology,Software - Application,United States,26293,2017-Q4
NOW,SERVICENOW INC,2017-12-01 00:00:00-05:00,2017,4,12,130.38999938964844,122.55000305175781,131.25999450683594,112.83999633789062,34090100,207519000,27058402283.340454,27.058402283340452,,,,,,,,117.594185,55.6988,16.009617,17.656984,,,,75.39683321613171,Technology,Software - Application,United States,26293,2017-Q4
NOW,SERVICENOW INC,2018-01-01 00:00:00-05:00,2018,1,1,148.8699951171875,131.0,150.85000610351562,130.13999938964844,35041600,207519000,30893352516.723633,30.89335251672363,,,,,,,,117.594185,55.6988,16.009617,17.656984,,,,64.27939815175354,Technology,Software - Application,United States,26293,2018-Q1
NOW,SERVICENOW INC,2018-02-01 00:00:00-05:00,2018,1,2,161.00999450683594,151.75999450683594,165.67999267578125,137.60000610351562,42544800,207519000,33412633050.064087,33.41263305006409,,,,,,,,117.594185,55.6988,16.009617,17.656984,,,,85.23929808866635,Technology,Software - Application,United States,26293,2018-Q1
NOW,SERVICENOW INC,2018-03-01 00:00:00-05:00,2018,1,3,165.4499969482422,162.6199951171875,176.55999755859375,157.16000366210938,44251800,207519000,34334017916.70227,34.33401791670227,,,,,,,,117.594185,55.6988,16.009617,17.656984,,,,89.15055977966777,Technology,Software - Application,United States,26293,2018-Q1
NOW,SERVICENOW INC,2018-04-01 00:00:00-04:00,2018,2,4,166.13999938964844,164.44000244140625,175.5399932861328,156.0,42011300,207519000,34477206533.340454,34.47720653334046,,,,,,,,117.594185,55.6988,16.009617,17.656984,,,,75.8467331568484,Technology,Software - Application,United States,26293,2018-Q2
NOW,SERVICENOW INC,2018-05-01 00:00:00-04:00,2018,2,5,177.61000061035156,165.36000061035156,182.58999633789062,163.27000427246094,38449100,207519000,36857449716.659546,36.857449716659545,,,,,,,,117.594185,55.6988,16.009617,17.656984,,,,69.71810608758604,Technology,Software - Application,United States,26293,2018-Q2
NOW,SERVICENOW INC,2018-06-01 00:00:00-04:00,2018,2,6,172.47000122070312,179.05999755859375,188.58999633789062,167.36000061035156,35154700,207519000,35790802183.31909,35.790802183319094,,,,,,,,117.594185,55.6988,16.009617,17.656984,,,,62.70754832141805,Technology,Software - Application,United States,26293,2018-Q2
NOW,SERVICENOW INC,2018-07-01 00:00:00-04:00,2018,3,7,175.9600067138672,171.61000061035156,194.80999755859375,170.38999938964844,39777400,207519000,36515044633.255005,36.515044633255,,,,,,,,117.594185,55.6988,16.009617,17.656984,,,,59.31191632021824,Technology,Software - Application,United States,26293,2018-Q3
NOW,SERVICENOW INC,2018-08-01 00:00:00-04:00,2018,3,8,196.36000061035156,176.58999633789062,201.0,176.0,34460200,207519000,40748430966.659546,40.74843096665955,,,,,,,,117.594185,55.6988,16.009617,17.656984,,,,68.99905024907322,Technology,Software - Application,United States,26293,2018-Q3
NOW,SERVICENOW INC,2018-09-01 00:00:00-04:00,2018,3,9,195.6300048828125,195.9499969482422,206.3000030517578,182.72999572753906,38217900,207519000,40596942983.27637,40.596942983276364,,,,,,,,117.594185,55.6988,16.009617,17.656984,,,,66.45112474660647,Technology,Software - Application,United States,26293,2018-Q3
NOW,SERVICENOW INC,2018-10-01 00:00:00-04:00,2018,4,10,181.0399932861328,197.25,199.22999572753906,157.60000610351562,63164500,207519000,37569238366.744995,37.569238366745,,,,,,,,117.594185,55.6988,16.009617,17.656984,,,,43.26184169607408,Technology,Software - Application,United States,26293,2018-Q4
NOW,SERVICENOW INC,2018-11-01 00:00:00-04:00,2018,4,11,185.27000427246094,181.02999877929688,194.0399932861328,147.6300048828125,42519100,207519000,38447046016.61682,38.447046016616824,,,,,,,,117.594185,55.6988,16.009617,17.656984,,,,50.626019733708084,Technology,Software - Application,United States,26293,2018-Q4
NOW,SERVICENOW INC,2018-12-01 00:00:00-05:00,2018,4,12,178.0500030517578,192.0500030517578,192.16000366210938,158.0,41686600,207519000,36948758583.29773,36.94875858329773,,,,,,,,117.594185,55.6988,16.009617,17.656984,,,,36.55188579277888,Technology,Software - Application,United States,26293,2018-Q4
NOW,SERVICENOW INC,2019-01-01 00:00:00-05:00,2019,1,1,220.02000427246094,174.1199951171875,228.41000366210938,168.47000122070312,50783700,207519000,45658331266.61682,45.65833126661682,,,,,,,,117.594185,55.6988,16.009617,17.656984,,,,47.793384489107815,Technology,Software - Application,United States,26293,2019-Q1
NOW,SERVICENOW INC,2019-02-01 00:00:00-05:00,2019,1,2,239.44000244140625,218.5800018310547,241.44000244140625,216.8000030517578,36495700,207519000,49688349866.63818,49.688349866638184,,,,,,,,117.594185,55.6988,16.009617,17.656984,,,,48.71126676005224,Technology,Software - Application,United States,26293,2019-Q1
NOW,SERVICENOW INC,2019-03-01 00:00:00-05:00,2019,1,3,246.49000549316406,242.30999755859375,251.64999389648438,226.7100067138672,38585700,207519000,51151359449.93591,51.15135944993591,,,,,,,,117.594185,55.6988,16.009617,17.656984,,,,48.98157149575147,Technology,Software - Application,United States,26293,2019-Q1
NOW,SERVICENOW INC,2019-04-01 00:00:00-04:00,2019,2,4,271.510009765625,249.99000549316406,273.82000732421875,230.13999938964844,38973700,207519000,56343485716.552734,56.343485716552735,,,,,,,,117.594185,55.6988,16.009617,17.656984,,,,63.42242130918281,Technology,Software - Application,United States,26293,2019-Q2
NOW,SERVICENOW INC,2019-05-01 00:00:00-04:00,2019,2,5,261.92999267578125,273.1600036621094,281.739990234375,257.5,37988700,207519000,54355450150.08545,54.355450150085446,,,,,,,,117.594185,55.6988,16.009617,17.656984,,,,47.47479971604442,Technology,Software - Application,United States,26293,2019-Q2
NOW,SERVICENOW INC,2019-06-01 00:00:00-04:00,2019,2,6,274.57000732421875,262.0,292.9800109863281,246.02000427246094,32308200,207519000,56978493349.91455,56.97849334991455,,,,,,,,117.594185,55.6988,16.009617,17.656984,,,,59.19870434329171,Technology,Software - Application,United States,26293,2019-Q2
NOW,SERVICENOW INC,2019-07-01 00:00:00-04:00,2019,3,7,277.3900146484375,281.989990234375,303.1700134277344,272.6099853515625,36546300,207519000,57563698449.8291,57.563698449829104,,,,,,,,117.594185,55.6988,16.009617,17.656984,,,,57.643784987749,Technology,Software - Application,United States,26293,2019-Q3
NOW,SERVICENOW INC,2019-08-01 00:00:00-04:00,2019,3,8,261.8399963378906,277.3800048828125,281.7200012207031,250.19000244140625,37147300,207519000,54336774200.042725,54.336774200042726,,,,,,,,117.594185,55.6988,16.009617,17.656984,,,,33.34691155225384,Technology,Software - Application,United States,26293,2019-Q3
NOW,SERVICENOW INC,2019-09-01 00:00:00-04:00,2019,3,9,253.85000610351562,264.0899963378906,273.6300048828125,245.27000427246094,33568400,207519000,52678699416.59546,52.67869941659546,,,,,,,,117.594185,55.6988,16.009617,17.656984,,,,29.760261599736925,Technology,Software - Application,United States,26293,2019-Q3
NOW,SERVICENOW INC,2019-10-01 00:00:00-04:00,2019,4,10,247.25999450683594,255.32000732421875,276.5,213.99000549316406,72152100,207519000,51311146800.06409,51.31114680006409,,,,,,,,117.594185,55.6988,16.009617,17.656984,,,,36.57755395297808,Technology,Software - Application,United States,26293,2019-Q4
NOW,SERVICENOW INC,2019-11-01 00:00:00-04:00,2019,4,11,283.0400085449219,248.94000244140625,284.29998779296875,238.2899932861328,85590200,207519000,58736179533.23364,58.736179533233646,,,,,,,,117.594185,55.6988,16.009617,17.656984,,,,52.77163168230885,Technology,Software - Application,United States,26293,2019-Q4
NOW,SERVICENOW INC,2019-12-01 00:00:00-05:00,2019,4,12,282.32000732421875,283.0,288.0799865722656,263.5299987792969,33418900,207519000,58586765599.91455,58.58676559991455,,,,,,,,117.594185,55.6988,16.009617,17.656984,,,,58.56220302459103,Technology,Software - Application,United States,26293,2019-Q4
NOW,SERVICENOW INC,2020-01-01 00:00:00-05:00,2020,1,1,338.2300109863281,284.9599914550781,343.8900146484375,284.2200012207031,40190100,207519000,70189153649.87183,70.18915364987183,,,,,,,,117.594185,55.6988,16.009617,17.656984,,,,53.72693592328191,Technology,Software - Application,United States,26293,2020-Q1
NOW,SERVICENOW INC,2020-02-01 00:00:00-05:00,2020,1,2,326.0899963378906,338.4100036621094,362.95001220703125,307.1000061035156,35860200,207519000,67669869950.042725,67.66986995004272,,,,,,,,117.594185,55.6988,16.009617,17.656984,,,,36.18860383101132,Technology,Software - Application,United States,26293,2020-Q1
NOW,SERVICENOW INC,2020-03-01 00:00:00-05:00,2020,1,3,286.5799865722656,333.8299865722656,350.70001220703125,238.92999267578125,70349400,207519000,59470792233.48999,59.47079223348999,,,,,,,,117.594185,55.6988,16.009617,17.656984,,,,16.264343456397622,Technology,Software - Application,United States,26293,2020-Q1
NOW,SERVICENOW INC,2020-04-01 00:00:00-04:00,2020,2,4,351.5400085449219,274.3900146484375,357.7799987792969,246.6699981689453,52758800,207519000,72951231033.23364,72.95123103323364,,,,,,,,117.594185,55.6988,16.009617,17.656984,,,,29.475892564101414,Technology,Software - Application,United States,26293,2020-Q2
NOW,SERVICENOW INC,2020-05-01 00:00:00-04:00,2020,2,5,387.92999267578125,342.0899963378906,396.1499938964844,335.010009765625,43817100,207519000,80502844150.08545,80.50284415008545,,,,,,,,117.594185,55.6988,16.009617,17.656984,,,,48.10445673396542,Technology,Software - Application,United States,26293,2020-Q2
NOW,SERVICENOW INC,2020-06-01 00:00:00-04:00,2020,2,6,405.05999755859375,385.05999755859375,409.79998779296875,367.0299987792969,38512000,207519000,84057645633.36182,84.05764563336182,,,,,,,,117.594185,55.6988,16.009617,17.656984,,,,47.52521643060938,Technology,Software - Application,United States,26293,2020-Q2
NOW,SERVICENOW INC,2020-07-01 00:00:00-04:00,2020,3,7,439.20001220703125,405.3800048828125,454.70001220703125,390.8399963378906,35843600,207519000,91142347333.19092,91.14234733319091,,,,,,,,117.594185,55.6988,16.009617,17.656984,,,,58.333028953356816,Technology,Software - Application,United States,26293,2020-Q3
NOW,SERVICENOW INC,2020-08-01 00:00:00-04:00,2020,3,8,482.0199890136719,443.7200012207031,494.0,418.5299987792969,38533600,207519000,100028306100.12817,100.02830610012818,,,,,,,,117.594185,55.6988,16.009617,17.656984,,,,84.0895186966206,Technology,Software - Application,United States,26293,2020-Q3
NOW,SERVICENOW INC,2020-09-01 00:00:00-04:00,2020,3,9,485.0,485.0,501.82000732421875,432.8500061035156,28308800,207519000,100646715000.0,100.646715,,,,,,,,117.594185,55.6988,16.009617,17.656984,,,,91.05770665304827,Technology,Software - Application,United States,26293,2020-Q3
NOW,SERVICENOW INC,2020-10-01 00:00:00-04:00,2020,4,10,497.57000732421875,491.57000732421875,533.3699951171875,478.989990234375,26379100,207519000,103255230349.91455,103.25523034991456,,,,,,,,117.594185,55.6988,16.009617,17.656984,,,,101.2335268051066,Technology,Software - Application,United States,26293,2020-Q4
NOW,SERVICENOW INC,2020-11-01 00:00:00-04:00,2020,4,11,534.5499877929688,499.2099914550781,537.530029296875,472.010009765625,29281100,207519000,110929278916.80908,110.92927891680908,,,,,,,,117.594185,55.6988,16.009617,17.656984,,,,88.86022175487929,Technology,Software - Application,United States,26293,2020-Q4
NOW,SERVICENOW INC,2020-12-01 00:00:00-05:00,2020,4,12,550.4299926757812,536.0,566.739990234375,518.510009765625,25596300,207519000,114224681650.08545,114.22468165008544,,,,,,,,117.594185,55.6988,16.009617,17.656984,,,,94.96669679654077,Technology,Software - Application,United States,26293,2020-Q4
NOW,SERVICENOW INC,2021-01-01 00:00:00-05:00,2021,1,1,543.1599731445312,556.9400024414062,563.8800048828125,507.05999755859375,30529400,207519000,112716014466.97998,112.71601446697998,,,,,,,,117.594185,55.6988,16.009617,17.656984,,,,60.58893519253286,Technology,Software - Application,United States,26293,2021-Q1
NOW,SERVICENOW INC,2021-02-01 00:00:00-05:00,2021,1,2,533.4600219726562,546.010009765625,598.3699951171875,521.1500244140625,24867300,207519000,110703090299.74365,110.70309029974365,,,,,,,,117.594185,55.6988,16.009617,17.656984,,,,63.59288170861004,Technology,Software - Application,United States,26293,2021-Q1
NOW,SERVICENOW INC,2021-03-01 00:00:00-05:00,2021,1,3,500.1099853515625,544.8200073242188,562.4299926757812,462.510009765625,41044400,207519000,103782324050.1709,103.7823240501709,,,,,,,,117.594185,55.6988,16.009617,17.656984,,,,74.50973856663643,Technology,Software - Application,United States,26293,2021-Q1
NOW,SERVICENOW INC,2021-04-01 00:00:00-04:00,2021,2,4,506.3699951171875,508.0,565.2899780273438,500.2799987792969,32670200,207519000,105081395016.72363,105.08139501672363,,,,,,,,117.594185,55.6988,16.009617,17.656984,,,,44.043347217612784,Technology,Software - Application,United States,26293,2021-Q2
NOW,SERVICENOW INC,2021-05-01 00:00:00-04:00,2021,2,5,473.8800048828125,507.4599914550781,508.2200012207031,448.2699890136719,34949400,207519000,98339104733.27637,98.33910473327637,,,,,,,,117.594185,55.6988,16.009617,17.656984,,,,22.1560626478462,Technology,Software - Application,United States,26293,2021-Q2
NOW,SERVICENOW INC,2021-06-01 00:00:00-04:00,2021,2,6,549.5499877929688,477.6000061035156,561.8900146484375,456.0,31827700,207519000,114042063916.80908,114.04206391680908,,,,,,,,117.594185,55.6988,16.009617,17.656984,,,,35.671256383068005,Technology,Software - Application,United States,26293,2021-Q2
NOW,SERVICENOW INC,2021-07-01 00:00:00-04:00,2021,3,7,587.8900146484375,545.0,608.780029296875,539.75,23103200,207519000,121998347949.8291,121.9983479498291,,,,,,,,117.594185,55.6988,16.009617,17.656984,,,,33.85473549834883,Technology,Software - Application,United States,26293,2021-Q3
NOW,SERVICENOW INC,2021-08-01 00:00:00-04:00,2021,3,8,643.6400146484375,587.8900146484375,647.7000122070312,566.5900268554688,19204200,207519000,133567532199.8291,133.5675321998291,,,,,,,,117.594185,55.6988,16.009617,17.656984,,,,33.52973513929969,Technology,Software - Application,United States,26293,2021-Q3
NOW,SERVICENOW INC,2021-09-01 00:00:00-04:00,2021,3,9,622.27001953125,643.5999755859375,681.0999755859375,607.1799926757812,21325900,207519000,129132852183.10547,129.13285218310546,,,,,,,,117.594185,55.6988,16.009617,17.656984,,,,28.30309681056702,Technology,Software - Application,United States,26293,2021-Q3
NOW,SERVICENOW INC,2021-10-01 00:00:00-04:00,2021,4,10,697.760009765625,623.780029296875,698.4299926757812,609.469970703125,23604400,207519000,144798459466.55273,144.79845946655274,,,,,,,,117.594185,55.6988,16.009617,17.656984,,,,40.233534878431996,Technology,Software - Application,United States,26293,2021-Q4
NOW,SERVICENOW INC,2021-11-01 00:00:00-04:00,2021,4,11,647.7000122070312,700.0,707.5999755859375,624.1400146484375,20588700,207519000,134410058833.19092,134.41005883319093,,,,,,,,117.594185,55.6988,16.009617,17.656984,,,,21.16734206303743,Technology,Software - Application,United States,26293,2021-Q4
NOW,SERVICENOW INC,2021-12-01 00:00:00-05:00,2021,4,12,649.1099853515625,650.3599853515625,672.969970703125,587.02001953125,27402100,207519000,134702655050.1709,134.7026550501709,,,,,,,,117.594185,55.6988,16.009617,17.656984,,,,17.92780080825038,Technology,Software - Application,United States,26293,2021-Q4
NOW,SERVICENOW INC,2022-01-01 00:00:00-05:00,2022,1,1,585.780029296875,648.1599731445312,651.4099731445312,479.3500061035156,52343500,207519000,121560485899.6582,121.5604858996582,,,,,,,,117.594185,55.6988,16.009617,17.656984,,,,7.846685738936587,Technology,Software - Application,United States,26293,2022-Q1
NOW,SERVICENOW INC,2022-02-01 00:00:00-05:00,2022,1,2,579.9199829101562,584.9000244140625,621.4099731445312,502.4599914550781,27549600,207519000,120344414933.53271,120.34441493353272,,,,,,,,117.594185,55.6988,16.009617,17.656984,,,,8.709173888175892,Technology,Software - Application,United States,26293,2022-Q1
NOW,SERVICENOW INC,2022-03-01 00:00:00-05:00,2022,1,3,556.8900146484375,583.8200073242188,601.6199951171875,491.30999755859375,34583700,207519000,115565258949.8291,115.5652589498291,,,,,,,,117.594185,55.6988,16.009617,17.656984,,,,11.353508420144887,Technology,Software - Application,United States,26293,2022-Q1
NOW,SERVICENOW INC,2022-04-01 00:00:00-04:00,2022,2,4,478.1000061035156,556.0999755859375,575.8099975585938,453.9200134277344,33179000,207519000,99214835166.59546,99.21483516659546,,,,,,,,117.594185,55.6988,16.009617,17.656984,,,,-5.582872067119505,Technology,Software - Application,United States,26293,2022-Q2
NOW,SERVICENOW INC,2022-05-01 00:00:00-04:00,2022,2,5,467.4700012207031,474.69000244140625,501.1099853515625,406.4700012207031,42326700,207519000,97008907183.31909,97.0089071833191,,,,,,,,117.594185,55.6988,16.009617,17.656984,,,,-1.352663880320193,Technology,Software - Application,United States,26293,2022-Q2
NOW,SERVICENOW INC,2022-06-01 00:00:00-04:00,2022,2,6,475.5199890136719,491.0400085449219,510.7300109863281,424.1700134277344,30667000,207519000,98679432600.12817,98.67943260012818,,,,,,,,117.594185,55.6988,16.009617,17.656984,,,,-13.471021822165174,Technology,Software - Application,United States,26293,2022-Q2
NOW,SERVICENOW INC,2022-07-01 00:00:00-04:00,2022,3,7,446.6600036621094,474.92999267578125,506.45001220703125,407.5,41145200,207519000,92690437299.95728,92.69043729995728,,,,,,,,117.594185,55.6988,16.009617,17.656984,,,,-24.023202889537888,Technology,Software - Application,United States,26293,2022-Q3
NOW,SERVICENOW INC,2022-08-01 00:00:00-04:00,2022,3,8,434.6199951171875,438.989990234375,521.5800170898438,429.510009765625,31222800,207519000,90191906766.72363,90.19190676672363,,,,,,,,117.594185,55.6988,16.009617,17.656984,,,,-32.47467757973668,Technology,Software - Application,United States,26293,2022-Q3
NOW,SERVICENOW INC,2022-09-01 00:00:00-04:00,2022,3,9,377.6099853515625,429.80999755859375,482.69000244140625,367.7099914550781,34403400,207519000,78361246550.1709,78.3612465501709,,,,,,,,117.594185,55.6988,16.009617,17.656984,,,,-39.31734239164978,Technology,Software - Application,United States,26293,2022-Q3
NOW,SERVICENOW INC,2022-10-01 00:00:00-04:00,2022,4,10,420.739990234375,380.0799865722656,433.3900146484375,337.0,47875000,207519000,87311542033.44727,87.31154203344727,,,,,,,,117.594185,55.6988,16.009617,17.656984,,,,-39.70133221367903,Technology,Software - Application,United States,26293,2022-Q4
NOW,SERVICENOW INC,2022-11-01 00:00:00-04:00,2022,4,11,416.29998779296875,427.0799865722656,430.239990234375,351.25,32462800,207519000,86390157166.80908,86.39015716680908,,,,,,,,117.594185,55.6988,16.009617,17.656984,,,,-35.726419646893206,Technology,Software - Application,United States,26293,2022-Q4
NOW,SERVICENOW INC,2022-12-01 00:00:00-05:00,2022,4,12,388.2699890136719,416.1600036621094,432.1700134277344,371.4700012207031,25724800,207519000,80573399850.12817,80.57339985012817,,,,,,,,117.594185,55.6988,16.009617,17.656984,,,,-40.184252626558795,Technology,Software - Application,United States,26293,2022-Q4
NOW,SERVICENOW INC,2023-01-01 00:00:00-05:00,2023,1,1,455.1300048828125,395.0799865722656,477.7300109863281,353.6199951171875,41806900,207519000,94448123483.27637,94.44812348327636,,,,,,,,117.594185,55.6988,16.009617,17.656984,,,,-22.30359825869869,Technology,Software - Application,United States,26293,2023-Q1
NOW,SERVICENOW INC,2023-02-01 00:00:00-05:00,2023,1,2,432.1700134277344,456.19000244140625,494.6199951171875,423.760009765625,28504400,207519000,89683489016.51001,89.68348901651001,,,,,,,,117.594185,55.6988,16.009617,17.656984,,,,-25.477647578374953,Technology,Software - Application,United States,26293,2023-Q1
NOW,SERVICENOW INC,2023-03-01 00:00:00-05:00,2023,1,3,464.7200012207031,431.94000244140625,465.4100036621094,405.3699951171875,31087600,207519000,96438229933.31909,96.43822993331909,,,,,,,,117.594185,55.6988,16.009617,17.656984,,,,-16.550846846467692,Technology,Software - Application,United States,26293,2023-Q1
NOW,SERVICENOW INC,2023-04-01 00:00:00-04:00,2023,2,4,459.4200134277344,461.5299987792969,485.5799865722656,427.67999267578125,33950800,207519000,95338381766.51001,95.33838176651001,,,,,,,,117.594185,55.6988,16.009617,17.656984,,,,-3.9071308172576646,Technology,Software - Application,United States,26293,2023-Q2
NOW,SERVICENOW INC,2023-05-01 00:00:00-04:00,2023,2,5,544.780029296875,456.30999755859375,556.5800170898438,428.9700012207031,38371900,207519000,113052206899.6582,113.0522068996582,,,,,,,,117.594185,55.6988,16.009617,17.656984,,,,16.537965617963167,Technology,Software - Application,United States,26293,2023-Q2
NOW,SERVICENOW INC,2023-06-01 00:00:00-04:00,2023,2,6,561.969970703125,534.7999877929688,576.6799926757812,526.1099853515625,27700600,207519000,116619446350.3418,116.6194463503418,,,,,,,,117.594185,55.6988,16.009617,17.656984,,,,18.180094146782032,Technology,Software - Application,United States,26293,2023-Q2
NOW,SERVICENOW INC,2023-07-01 00:00:00-04:00,2023,3,7,583.0,560.8499755859375,614.3599853515625,548.4299926757812,26244800,207519000,120983577000.0,120.983577,,,,,,,,117.594185,55.6988,16.009617,17.656984,,,,30.52433511396948,Technology,Software - Application,United States,26293,2023-Q3
NOW,SERVICENOW INC,2023-08-01 00:00:00-04:00,2023,3,8,588.8300170898438,578.239990234375,596.4600219726562,532.5399780273438,22973700,207519000,122193416316.46729,122.19341631646728,,,,,,,,117.594185,55.6988,16.009617,17.656984,,,,35.481575561445645,Technology,Software - Application,United States,26293,2023-Q3
NOW,SERVICENOW INC,2023-09-01 00:00:00-04:00,2023,3,9,558.9600219726562,593.510009765625,607.9000244140625,528.0,19055600,207519000,115994824799.74365,115.99482479974365,,,,,,,,117.594185,55.6988,16.009617,17.656984,,,,48.025752404892906,Technology,Software - Application,United States,26293,2023-Q3
NOW,SERVICENOW INC,2023-10-01 00:00:00-04:00,2023,4,10,581.8499755859375,554.75,584.8400268554688,527.239990234375,27851000,207519000,120744925083.61816,120.74492508361817,,,,,,,,117.594185,55.6988,16.009617,17.656984,,,,38.29205425940507,Technology,Software - Application,United States,26293,2023-Q4
NOW,SERVICENOW INC,2023-11-01 00:00:00-04:00,2023,4,11,685.739990234375,581.0,688.8900146484375,580.4400024414062,26084000,207519000,142304077033.44727,142.30407703344727,,,,,,,,117.594185,55.6988,16.009617,17.656984,,,,64.72255833343962,Technology,Software - Application,United States,26293,2023-Q4
NOW,SERVICENOW INC,2023-12-01 00:00:00-05:00,2023,4,12,706.489990234375,685.4500122070312,720.6799926757812,674.02001953125,20981100,207519000,146610096283.44727,146.61009628344726,,,,,,,,117.594185,55.6988,16.009617,17.656984,,,,81.95843362220248,Technology,Software - Application,United States,26293,2023-Q4
NOW,SERVICENOW INC,2024-01-01 00:00:00-05:00,2024,1,1,765.4000244140625,697.0499877929688,789.9199829101562,671.219970703125,27465100,207519000,158835047666.38184,158.83504766638183,,,,,,,,117.594185,55.6988,16.009617,17.656984,,,,68.1717347137196,Technology,Software - Application,United States,26293,2024-Q1
NOW,SERVICENOW INC,2024-02-01 00:00:00-05:00,2024,1,2,771.3400268554688,769.0900268554688,815.3200073242188,730.52001953125,23844600,207519000,160067711033.02002,160.06771103302003,,,,,,,,117.594185,55.6988,16.009617,17.656984,,,,78.48069113764389,Technology,Software - Application,United States,26293,2024-Q1
NOW,SERVICENOW INC,2024-03-01 00:00:00-05:00,2024,1,3,762.4000244140625,772.0,807.77001953125,730.1500244140625,24046800,207519000,158212490666.38184,158.21249066638183,,,,,,,,117.594185,55.6988,16.009617,17.656984,,,,64.0557803433096,Technology,Software - Application,United States,26293,2024-Q1
NOW,SERVICENOW INC,2024-04-01 00:00:00-04:00,2024,2,4,693.3300170898438,763.989990234375,795.4400024414062,689.0,25896400,207519000,143879151816.4673,143.8791518164673,2627000000.0,2627.0,2075000000.0,262000000.0,240000000.0,476000000.0,13.692344101300655,117.594185,55.6988,16.009617,17.656984,,,,50.91419546939324,Technology,Software - Application,United States,26293,2024-Q2
NOW,SERVICENOW INC,2024-05-01 00:00:00-04:00,2024,2,5,656.9299926757812,693.7100219726562,784.3300170898438,637.989990234375,31552400,207519000,136325455150.08545,136.32545515008545,2627000000.0,2627.0,2075000000.0,262000000.0,240000000.0,476000000.0,12.973492115539155,117.594185,55.6988,16.009617,17.656984,,0.0,,20.58628388482844,Technology,Software - Application,United States,26293,2024-Q2
NOW,SERVICENOW INC,2024-06-01 00:00:00-04:00,2024,2,6,786.6699829101562,659.7999877929688,789.969970703125,645.4500122070312,26396700,207519000,163248968183.5327,163.24896818353272,2627000000.0,2627.0,2075000000.0,262000000.0,240000000.0,476000000.0,15.53568406771343,117.594185,55.6988,16.009617,17.656984,,0.0,,39.98434505777797,Technology,Software - Application,United States,26293,2024-Q2
NOW,SERVICENOW INC,2024-07-01 00:00:00-04:00,2024,3,7,814.3900146484375,784.0,850.3300170898438,729.22998046875,35676000,207519000,169001401449.8291,169.0014014498291,2797000000.0,2797.0,2213000000.0,432000000.0,418000000.0,666000000.0,15.10559541024572,117.594185,55.6988,16.009617,17.656984,,6.4712599923867575,,39.68953939081261,Technology,Software - Application,United States,26293,2024-Q3
NOW,SERVICENOW INC,2024-08-01 00:00:00-04:00,2024,3,8,855.0,818.8599853515625,857.25,746.0999755859375,22416800,207519000,177428745000.0,177.428745,2797000000.0,2797.0,2213000000.0,432000000.0,418000000.0,666000000.0,15.858843850554166,117.594185,55.6988,16.009617,17.656984,,0.0,6.4712599923867575,45.203195350950324,Technology,Software - Application,United States,26293,2024-Q3
NOW,SERVICENOW INC,2024-09-01 00:00:00-04:00,2024,3,9,894.3900146484375,856.4000244140625,945.4600219726562,818.97998046875,24743700,207519000,185602921449.8291,185.6029214498291,2797000000.0,2797.0,2213000000.0,432000000.0,418000000.0,666000000.0,16.589463840706927,117.594185,55.6988,16.009617,17.656984,,0.0,6.4712599923867575,60.009657129323315,Technology,Software - Application,United States,26293,2024-Q3
NOW,SERVICENOW INC,2024-10-01 00:00:00-04:00,2024,4,10,932.989990234375,898.5900268554688,979.780029296875,863.239990234375,29293800,207519000,193613149783.44727,193.61314978344726,2957000000.0,2957.0,2326000000.0,384000000.0,374000000.0,622000000.0,16.36905223059243,117.594185,55.6988,16.009617,17.656984,,5.720414730067924,12.561857632280171,60.34889221999722,Technology,Software - Application,United States,26293,2024-Q4
NOW,SERVICENOW INC,2024-11-01 00:00:00-04:00,2024,4,11,1049.43994140625,937.3599853515625,1072.8399658203125,930.5499877929688,24437400,207519000,217778727200.6836,217.7787272006836,2957000000.0,2957.0,2326000000.0,384000000.0,374000000.0,622000000.0,18.412134528295873,117.594185,55.6988,16.009617,17.656984,,0.0,5.720414730067924,53.03758805834966,Technology,Software - Application,United States,26293,2024-Q4
NOW,SERVICENOW INC,2024-12-01 00:00:00-05:00,2024,4,12,1060.1199951171875,1048.4000244140625,1157.9000244140625,1036.9100341796875,24700600,207519000,219995041266.72363,219.99504126672363,2957000000.0,2957.0,2326000000.0,384000000.0,374000000.0,622000000.0,18.59951312704799,117.594185,55.6988,16.009617,17.656984,,0.0,5.720414730067924,50.054496138791336,Technology,Software - Application,United States,26293,2024-Q4
NOW,SERVICENOW INC,2025-01-01 00:00:00-05:00,2025,1,1,1018.3800048828125,1073.52001953125,1198.0899658203125,990.0,34333800,207519000,211333200233.27637,211.33320023327636,3088000000.0,3088.0,2437000000.0,460000000.0,451000000.0,721000000.0,17.109229293497116,117.594185,55.6988,16.009617,17.656984,,4.430165708488332,10.404004290311054,33.0519953487608,Technology,Software - Application,United States,26293,2025-Q1
NOW,SERVICENOW INC,2025-02-01 00:00:00-05:00,2025,1,2,929.760009765625,1006.5,1043.449951171875,898.2100219726562,30486100,207519000,192942867466.55273,192.94286746655274,3088000000.0,3088.0,2437000000.0,460000000.0,451000000.0,721000000.0,15.620374632978686,117.594185,55.6988,16.009617,17.656984,,0.0,4.430165708488332,20.5382810945244,Technology,Software - Application,United States,26293,2025-Q1
NOW,SERVICENOW INC,2025-03-01 00:00:00-05:00,2025,1,3,796.1400146484375,936.010009765625,939.0,757.8400268554688,44994700,207519000,165214179699.8291,165.2141796998291,3088000000.0,3088.0,2437000000.0,460000000.0,451000000.0,721000000.0,13.375500299532796,117.594185,55.6988,16.009617,17.656984,,0.0,4.430165708488332,4.425497003401291,Technology,Software - Application,United States,26293,2025-Q1
NOW,SERVICENOW INC,2025-04-01 00:00:00-04:00,2025,2,4,955.010009765625,798.219970703125,961.030029296875,678.6599731445312,48013200,207519000,198182722216.55273,198.18272221655275,3215000000.0,3215.0,2491000000.0,385000000.0,358000000.0,649000000.0,15.410787108596635,117.594185,55.6988,16.009617,17.656984,,4.112694300518127,8.72505918160298,37.74248715988766,Technology,Software - Application,United States,26293,2025-Q2
NOW,SERVICENOW INC,2025-05-01 00:00:00-04:00,2025,2,5,1011.0900268554688,973.8599853515625,1046.0,957.52001953125,29305000,207519000,209820391283.02002,209.82039128302003,3215000000.0,3215.0,2491000000.0,385000000.0,358000000.0,649000000.0,16.315738046891138,117.594185,55.6988,16.009617,17.656984,,0.0,4.112694300518127,53.91138144524912,Technology,Software - Application,United States,26293,2025-Q2
NOW,SERVICENOW INC,2025-06-01 00:00:00-04:00,2025,2,6,1028.0799560546875,1009.1400146484375,1036.3699951171875,956.8300170898438,22429900,207519000,213346124400.5127,213.3461244005127,3215000000.0,3215.0,2491000000.0,385000000.0,358000000.0,649000000.0,16.589900808749043,117.594185,55.6988,16.009617,17.656984,,0.0,4.112694300518127,30.6875790851298,Technology,Software - Application,United States,26293,2025-Q2
NOW,SERVICENOW INC,2025-07-01 00:00:00-04:00,2025,3,7,943.1199951171875,1027.260009765625,1057.3900146484375,934.1699829101562,33970300,207519000,195715318266.72363,195.71531826672364,,,,,,,,117.594185,55.6988,16.009617,17.656984,,0.0,4.112694300518127,15.806920290436178,Technology,Software - Application,United States,26293,2025-Q3
NOW,SERVICENOW INC,2025-08-01 00:00:00-04:00,2025,3,8,917.4600219726562,937.2899780273438,937.2899780273438,840.030029296875,40168400,207519000,190390386299.74365,190.39038629974365,,,,,,,,117.594185,55.6988,16.009617,17.656984,,0.0,0.0,7.305265727796062,Technology,Software - Application,United States,26293,2025-Q3
NOW,SERVICENOW INC,2025-09-01 00:00:00-04:00,2025,3,9,920.280029296875,901.77001953125,973.6300048828125,878.1900024414062,29525000,207519000,190975591399.6582,190.9755913996582,,,,,,,,117.594185,55.6988,16.009617,17.656984,,0.0,0.0,2.894711951655027,Technology,Software - Application,United States,26293,2025-Q3
NOW,SERVICENOW INC,2025-10-01 00:00:00-04:00,2025,4,10,930.1699829101562,920.9400024414062,950.0,887.3099975585938,21797902,207519000,193027944683.5327,193.02794468353272,,,,,,,,117.594185,55.6988,16.009617,17.656984,,0.0,0.0,-0.3022548316419016,Technology,Software - Application,United States,26293,2025-Q4
