ticker,company_name,date,year,quarter,month,close_price,open_price,high_price,low_price,volume,shares_outstanding,market_cap,market_cap_billions,revenue,revenue_millions,gross_profit,net_income,operating_income,ebitda,ps_ratio,current_pe,forward_pe,current_ps,current_pb,peg_ratio,revenue_qoq_pct,revenue_yoy_pct,market_cap_yoy_pct,sector,industry,country,employees,year_quarter
NTAP,NETAPP INC,2015-01-01 00:00:00-05:00,2015,1,1,28.710554122924805,31.657564252859164,31.74111394970564,28.513075391895363,50457000,199618386,5731154475.183895,5.731154475183895,,,,,,,,20.644247,15.387863,3.5331545,23.926153,,,,,Technology,Software - Infrastructure,United States,11700,2015-Q1
NTAP,NETAPP INC,2015-02-01 00:00:00-05:00,2015,1,2,29.47870635986328,28.830401912565634,30.432092685738493,27.366001912583304,65611500,199618386,5884491784.923843,5.884491784923843,,,,,,,,20.644247,15.387863,3.5331545,23.926153,,,,,Technology,Software - Infrastructure,United States,11700,2015-Q1
NTAP,NETAPP INC,2015-03-01 00:00:00-05:00,2015,1,3,27.045669555664062,29.204138149594304,29.692271608566607,26.679569461434838,78401200,199618386,5398812904.990997,5.398812904990997,,,,,,,,20.644247,15.387863,3.5331545,23.926153,,,,,Technology,Software - Infrastructure,United States,11700,2015-Q1
NTAP,NETAPP INC,2015-04-01 00:00:00-04:00,2015,2,4,27.648208618164062,26.999906959195204,28.273629932076638,26.649058514472163,64100900,199618386,5519090780.1492,5.519090780149201,,,,,,,,20.644247,15.387863,3.5331545,23.926153,,,,,Technology,Software - Infrastructure,United States,11700,2015-Q2
NTAP,NETAPP INC,2015-05-01 00:00:00-04:00,2015,2,5,25.5924072265625,27.929437734033545,28.33554384091013,23.638495108763493,108154800,199618386,5108715024.421143,5.108715024421143,,,,,,,,20.644247,15.387863,3.5331545,23.926153,,,,,Technology,Software - Infrastructure,United States,11700,2015-Q2
NTAP,NETAPP INC,2015-06-01 00:00:00-04:00,2015,2,6,24.182525634765625,25.49279634198847,26.603844542672146,24.0752525395085,94197600,199618386,4827276736.61554,4.82727673661554,,,,,,,,20.644247,15.387863,3.5331545,23.926153,,,,,Technology,Software - Infrastructure,United States,11700,2015-Q2
NTAP,NETAPP INC,2015-07-01 00:00:00-04:00,2015,3,7,23.86836814880371,24.734218431542462,24.734218431542462,23.178752659496137,76104500,199618386,4764565126.318005,4.764565126318004,,,,,,,,20.644247,15.387863,3.5331545,23.926153,,,,,Technology,Software - Infrastructure,United States,11700,2015-Q3
NTAP,NETAPP INC,2015-08-01 00:00:00-04:00,2015,3,8,24.62930679321289,24.020510532382573,24.88361582238044,22.255769083041823,92315700,199618386,4916462470.359993,4.916462470359993,,,,,,,,20.644247,15.387863,3.5331545,23.926153,,,,,Technology,Software - Infrastructure,United States,11700,2015-Q3
NTAP,NETAPP INC,2015-09-01 00:00:00-04:00,2015,3,9,22.81063461303711,23.943459504463,25.222704419632652,22.15559921192995,72947900,199618386,4553422065.090202,4.553422065090202,,,,,,,,20.644247,15.387863,3.5331545,23.926153,,,,,Technology,Software - Infrastructure,United States,11700,2015-Q3
NTAP,NETAPP INC,2015-10-01 00:00:00-04:00,2015,4,10,26.201396942138672,22.84915909821682,26.82560775111736,22.232656228698247,65288900,199618386,5230280568.535057,5.230280568535057,,,,,,,,20.644247,15.387863,3.5331545,23.926153,,,,,Technology,Software - Infrastructure,United States,11700,2015-Q4
NTAP,NETAPP INC,2015-11-01 00:00:00-04:00,2015,4,11,23.764028549194336,26.29854859553848,26.91861398377902,23.345484781720096,62399900,199618386,4743737023.848095,4.743737023848095,,,,,,,,20.644247,15.387863,3.5331545,23.926153,,,,,Technology,Software - Infrastructure,United States,11700,2015-Q4
NTAP,NETAPP INC,2015-12-01 00:00:00-05:00,2015,4,12,20.56294059753418,23.477251164896177,24.523611425417673,19.539830389029984,92581200,199618386,4104741013.4936485,4.104741013493649,,,,,,,,20.644247,15.387863,3.5331545,23.926153,,,,,Technology,Software - Infrastructure,United States,11700,2015-Q4
NTAP,NETAPP INC,2016-01-01 00:00:00-05:00,2016,1,1,16.997562408447266,20.27616159706178,20.338168148677912,16.01320710798246,87527600,199618386,3393025973.908516,3.393025973908516,,,,,,,,20.644247,15.387863,3.5331545,23.926153,,,,-40.7968152210791,Technology,Software - Infrastructure,United States,11700,2016-Q1
NTAP,NETAPP INC,2016-02-01 00:00:00-05:00,2016,1,2,19.390459060668945,16.931524347745018,19.952500812824713,16.30703202311279,96229600,199618386,3870692141.489811,3.870692141489811,,,,,,,,20.644247,15.387863,3.5331545,23.926153,,,,-34.22215064678002,Technology,Software - Infrastructure,United States,11700,2016-Q1
NTAP,NETAPP INC,2016-03-01 00:00:00-05:00,2016,1,3,21.30296516418457,19.546582972488004,21.474699775811818,19.429489635251993,68770200,199618386,4252463523.088749,4.252463523088749,,,,,,,,20.644247,15.387863,3.5331545,23.926153,,,,-21.233360038138972,Technology,Software - Infrastructure,United States,11700,2016-Q1
NTAP,NETAPP INC,2016-04-01 00:00:00-04:00,2016,2,4,18.453723907470703,21.06878244070543,21.224905915995546,18.25076398515507,61581400,199618386,3683702582.098915,3.683702582098915,,,,,,,,20.644247,15.387863,3.5331545,23.926153,,,,-33.255263795473724,Technology,Software - Infrastructure,United States,11700,2016-Q2
NTAP,NETAPP INC,2016-05-01 00:00:00-04:00,2016,2,5,20.064708709716797,18.61860349645597,20.677730561639937,17.68335032614316,67775200,199618386,4005284768.1938095,4.0052847681938095,,,,,,,,20.644247,15.387863,3.5331545,23.926153,,,,-21.598978431026506,Technology,Software - Infrastructure,United States,11700,2016-Q2
NTAP,NETAPP INC,2016-06-01 00:00:00-04:00,2016,2,6,19.325942993164062,19.208054255517702,20.457678172449718,17.989866635740956,77695400,199618386,3857813548.223419,3.8578135482234193,,,,,,,,20.644247,15.387863,3.5331545,23.926153,,,,-20.083024887274693,Technology,Software - Infrastructure,United States,11700,2016-Q2
NTAP,NETAPP INC,2016-07-01 00:00:00-04:00,2016,3,7,20.70916748046875,19.28664066691623,21.180723769209443,18.139186981012674,45364600,199618386,4133930587.8548584,4.1339305878548585,,,,,,,,20.644247,15.387863,3.5331545,23.926153,,,,-13.235930703931686,Technology,Software - Infrastructure,United States,11700,2016-Q3
NTAP,NETAPP INC,2016-08-01 00:00:00-04:00,2016,3,8,27.38920783996582,20.824982426052433,28.101851053028643,20.444907052609114,82791700,199618386,5467389462.832523,5.467389462832523,,,,,,,,20.644247,15.387863,3.5331545,23.926153,,,,11.205760153645405,Technology,Software - Infrastructure,United States,11700,2016-Q3
NTAP,NETAPP INC,2016-09-01 00:00:00-04:00,2016,3,9,28.363147735595703,27.507979015521087,28.58485758513909,26.827009596986215,64063300,199618386,5661805772.859169,5.661805772859169,,,,,,,,20.644247,15.387863,3.5331545,23.926153,,,,24.341773987231075,Technology,Software - Infrastructure,United States,11700,2016-Q3
NTAP,NETAPP INC,2016-10-01 00:00:00-04:00,2016,4,10,26.874509811401367,28.173103918333187,28.220611432839064,26.343989095623492,55783000,199618386,5364646273.093105,5.364646273093105,,,,,,,,20.644247,15.387863,3.5331545,23.926153,,,,2.5689961140207496,Technology,Software - Infrastructure,United States,11700,2016-Q4
NTAP,NETAPP INC,2016-11-01 00:00:00-04:00,2016,4,11,29.1077880859375,27.021833986718082,31.050429231681814,24.17156539552661,95768500,199618386,5810449677.744873,5.810449677744873,,,,,,,,20.644247,15.387863,3.5331545,23.926153,,,,22.486757772071144,Technology,Software - Infrastructure,United States,11700,2016-Q4
NTAP,NETAPP INC,2016-12-01 00:00:00-05:00,2016,4,12,28.080730438232422,28.78931656316988,29.704907219042784,27.64284044343002,71891700,199618386,5605430087.781029,5.605430087781029,,,,,,,,20.644247,15.387863,3.5331545,23.926153,,,,36.55989669882012,Technology,Software - Infrastructure,United States,11700,2016-Q4
NTAP,NETAPP INC,2017-01-01 00:00:00-05:00,2017,1,1,30.509037017822266,28.216081383734327,31.02654538871505,27.929464586960243,47470400,199618386,6090164727.911934,6.090164727911934,,,,,,,,20.644247,15.387863,3.5331545,23.926153,,,,79.49066039410577,Technology,Software - Infrastructure,United States,11700,2017-Q1
NTAP,NETAPP INC,2017-02-01 00:00:00-05:00,2017,1,2,33.482425689697266,30.856978921634,33.762578627500076,30.080553756821345,61111500,199618386,6683707775.542305,6.683707775542305,,,,,,,,20.644247,15.387863,3.5331545,23.926153,,,,72.67474475430065,Technology,Software - Infrastructure,United States,11700,2017-Q1
NTAP,NETAPP INC,2017-03-01 00:00:00-05:00,2017,1,3,33.498435974121094,33.6345124561321,34.531005021932934,32.25775372571631,70251700,199618386,6686903722.6783905,6.68690372267839,,,,,,,,20.644247,15.387863,3.5331545,23.926153,,,,57.247762064785505,Technology,Software - Infrastructure,United States,11700,2017-Q1
NTAP,NETAPP INC,2017-04-01 00:00:00-04:00,2017,2,4,31.897552490234375,33.51444265583018,33.89065066541362,31.48132612004448,51662600,199618386,6367337945.450867,6.367337945450867,,,,,,,,20.644247,15.387863,3.5331545,23.926153,,,,72.8515753794341,Technology,Software - Infrastructure,United States,11700,2017-Q2
NTAP,NETAPP INC,2017-05-01 00:00:00-04:00,2017,2,5,32.56003189086914,32.17403722646799,33.613466331882194,31.410097249961535,66648300,199618386,6499581014.163826,6.499581014163826,,,,,,,,20.644247,15.387863,3.5331545,23.926153,,,,62.27512874433705,Technology,Software - Infrastructure,United States,11700,2017-Q2
NTAP,NETAPP INC,2017-06-01 00:00:00-04:00,2017,2,6,32.20620346069336,32.04537286428322,32.64044515072418,30.099331543727175,71530000,199618386,6428950354.011223,6.4289503540112225,,,,,,,,20.644247,15.387863,3.5331545,23.926153,,,,66.6475135111662,Technology,Software - Infrastructure,United States,11700,2017-Q2
NTAP,NETAPP INC,2017-07-01 00:00:00-04:00,2017,3,7,34.91618347167969,32.51981739268101,36.37973895618921,30.718523526126084,68713400,199618386,6969912189.896576,6.969912189896576,,,,,,,,20.644247,15.387863,3.5331545,23.926153,,,,68.60254524770188,Technology,Software - Infrastructure,United States,11700,2017-Q3
NTAP,NETAPP INC,2017-08-01 00:00:00-04:00,2017,3,8,31.24636459350586,35.336034753297,35.42494109551426,30.583612148286793,68612800,199618386,6237348868.523186,6.237348868523186,,,,,,,,20.644247,15.387863,3.5331545,23.926153,,,,14.082761268881061,Technology,Software - Infrastructure,United States,11700,2017-Q3
NTAP,NETAPP INC,2017-09-01 00:00:00-04:00,2017,3,9,35.36836624145508,31.375686000063176,35.94221549953377,30.34922706405133,57758900,199618386,7060176184.576149,7.060176184576149,,,,,,,,20.644247,15.387863,3.5331545,23.926153,,,,24.698311242330263,Technology,Software - Infrastructure,United States,11700,2017-Q3
NTAP,NETAPP INC,2017-10-01 00:00:00-04:00,2017,4,10,35.901798248291016,35.47343467263784,36.48372845157226,34.74602500170822,55918800,199618386,7166659020.82148,7.16665902082148,,,,,,,,20.644247,15.387863,3.5331545,23.926153,,,,33.59052313973694,Technology,Software - Infrastructure,United States,11700,2017-Q4
NTAP,NETAPP INC,2017-11-01 00:00:00-04:00,2017,4,11,45.879730224609375,36.323823539638276,46.88647140627459,35.64995588389973,69563100,199618386,9158437697.55194,9.15843769755194,,,,,,,,20.644247,15.387863,3.5331545,23.926153,,,,57.62011901816307,Technology,Software - Infrastructure,United States,11700,2017-Q4
NTAP,NETAPP INC,2017-12-01 00:00:00-05:00,2017,4,12,44.913597106933594,45.132807010143694,47.8932245723038,44.596961612442456,51131900,199618386,8965579763.940353,8.965579763940353,,,,,,,,20.644247,15.387863,3.5331545,23.926153,,,,59.944547047048744,Technology,Software - Infrastructure,United States,11700,2017-Q4
NTAP,NETAPP INC,2018-01-01 00:00:00-05:00,2018,1,1,49.931060791015625,45.0597377870141,52.009489957243204,44.986667818069925,55437800,199618386,9967157766.370422,9.967157766370422,,,,,,,,20.644247,15.387863,3.5331545,23.926153,,,,63.659904315720375,Technology,Software - Infrastructure,United States,11700,2018-Q1
NTAP,NETAPP INC,2018-02-01 00:00:00-05:00,2018,1,2,49.33265686035156,50.000745449617746,50.815487934868784,42.36660923305432,83602900,199618386,9847705339.555206,9.847705339555207,,,,,,,,20.644247,15.387863,3.5331545,23.926153,,,,47.33895721160819,Technology,Software - Infrastructure,United States,11700,2018-Q1
NTAP,NETAPP INC,2018-03-01 00:00:00-05:00,2018,1,3,50.261451721191406,49.39782686624168,53.43080190117101,48.15126902504828,56865800,199618386,10033109870.60115,10.03310987060115,,,,,,,,20.644247,15.387863,3.5331545,23.926153,,,,50.04118926633001,Technology,Software - Infrastructure,United States,11700,2018-Q1
NTAP,NETAPP INC,2018-04-01 00:00:00-04:00,2018,2,4,54.24555587768555,49.153415371354114,56.82828805065881,47.87426681680741,56691400,199618386,10828410311.976402,10.828410311976402,,,,,,,,20.644247,15.387863,3.5331545,23.926153,,,,70.06181240486444,Technology,Software - Infrastructure,United States,11700,2018-Q2
NTAP,NETAPP INC,2018-05-01 00:00:00-04:00,2018,2,5,55.843021392822266,54.22461726060622,59.54572660171732,52.156664046862694,78055400,199618386,11147293799.798653,11.147293799798653,,,,,,,,20.644247,15.387863,3.5331545,23.926153,,,,71.50788297748076,Technology,Software - Infrastructure,United States,11700,2018-Q2
NTAP,NETAPP INC,2018-06-01 00:00:00-04:00,2018,2,6,64.18840026855469,55.64684166234494,65.18559787329046,55.28719498888069,61238300,199618386,12813184861.530853,12.813184861530853,,,,,,,,20.644247,15.387863,3.5331545,23.926153,,,,99.30446116349782,Technology,Software - Infrastructure,United States,11700,2018-Q2
NTAP,NETAPP INC,2018-07-01 00:00:00-04:00,2018,3,7,63.36286163330078,63.7061636255329,67.95650807074936,62.545487221830555,49815700,199618386,12648392171.580826,12.648392171580825,,,,,,,,20.644247,15.387863,3.5331545,23.926153,,,,81.47132742813668,Technology,Software - Infrastructure,United States,11700,2018-Q3
NTAP,NETAPP INC,2018-08-01 00:00:00-04:00,2018,3,8,71.32542419433594,63.61856666804504,71.84305311698134,63.519969190275596,58719300,199618386,14237866058.43869,14.23786605843869,,,,,,,,20.644247,15.387863,3.5331545,23.926153,,,,128.26791251472494,Technology,Software - Infrastructure,United States,11700,2018-Q3
NTAP,NETAPP INC,2018-09-01 00:00:00-04:00,2018,3,9,70.56950378417969,71.39113033308713,72.36886793221119,67.02829536431278,44925100,199618386,14086970446.218842,14.086970446218842,,,,,,,,20.644247,15.387863,3.5331545,23.926153,,,,99.52718002977909,Technology,Software - Infrastructure,United States,11700,2018-Q3
NTAP,NETAPP INC,2018-10-01 00:00:00-04:00,2018,4,10,64.48947143554688,70.8570777195087,71.31719288777778,57.7274878856557,64457200,199618386,12873284201.95697,12.87328420195697,,,,,,,,20.644247,15.387863,3.5331545,23.926153,,,,79.62741306033794,Technology,Software - Infrastructure,United States,11700,2018-Q4
NTAP,NETAPP INC,2018-11-01 00:00:00-04:00,2018,4,11,55.19959259033203,64.78337122562856,69.2987204900249,53.47434415653837,73502700,199618386,11018853580.73964,11.01885358073964,,,,,,,,20.644247,15.387863,3.5331545,23.926153,,,,20.313681706706266,Technology,Software - Infrastructure,United States,11700,2018-Q4
NTAP,NETAPP INC,2018-12-01 00:00:00-05:00,2018,4,12,49.256168365478516,55.96729458650104,58.00621571820081,44.98845748776446,76655900,199618386,9832436829.66108,9.832436829661079,,,,,,,,20.644247,15.387863,3.5331545,23.926153,,,,9.6687229219379,Technology,Software - Infrastructure,United States,11700,2018-Q4
NTAP,NETAPP INC,2019-01-01 00:00:00-05:00,2019,1,1,52.640625,48.01795574535457,52.86350398298479,47.25026566921885,48694000,199618386,10508036600.53125,10.50803660053125,,,,,,,,20.644247,15.387863,3.5331545,23.926153,,,,5.426610542734389,Technology,Software - Infrastructure,United States,11700,2019-Q1
NTAP,NETAPP INC,2019-02-01 00:00:00-05:00,2019,1,2,54.18021774291992,53.29106407476171,56.87261362212891,50.69008338975419,66648700,199618386,10815367618.970238,10.815367618970237,,,,,,,,20.644247,15.387863,3.5331545,23.926153,,,,9.826271664813424,Technology,Software - Infrastructure,United States,11700,2019-Q1
NTAP,NETAPP INC,2019-03-01 00:00:00-05:00,2019,1,3,57.62049865722656,54.329798715196304,58.14402328112833,51.80360664543075,56539600,199618386,11502110942.470734,11.502110942470734,,,,,,,,20.644247,15.387863,3.5331545,23.926153,,,,14.641532793077694,Technology,Software - Infrastructure,United States,11700,2019-Q1
NTAP,NETAPP INC,2019-04-01 00:00:00-04:00,2019,2,4,60.53723907470703,58.135693602622304,65.10765529824567,57.753441370170165,51671300,199618386,12084345956.989151,12.084345956989152,,,,,,,,20.644247,15.387863,3.5331545,23.926153,,,,11.598522856338978,Technology,Software - Infrastructure,United States,11700,2019-Q2
NTAP,NETAPP INC,2019-05-01 00:00:00-04:00,2019,2,5,49.46757507324219,61.02393413270417,61.575433799650945,48.55676994346013,66024300,199618386,9874637495.454437,9.874637495454436,,,,,,,,20.644247,15.387863,3.5331545,23.926153,,,,-11.416728824059541,Technology,Software - Infrastructure,United States,11700,2019-Q2
NTAP,NETAPP INC,2019-06-01 00:00:00-04:00,2019,2,6,51.55657958984375,49.150047945579885,53.018881261911474,48.63197624570829,47134500,199618386,10291641205.405151,10.291641205405151,,,,,,,,20.644247,15.387863,3.5331545,23.926153,,,,-19.679288821440146,Technology,Software - Infrastructure,United States,11700,2019-Q2
NTAP,NETAPP INC,2019-07-01 00:00:00-04:00,2019,3,7,48.87430191040039,52.50916483796029,53.10244075888405,48.005276140628716,42667600,199618386,9756209264.230843,9.756209264230842,,,,,,,,20.644247,15.387863,3.5331545,23.926153,,,,-22.866012281373717,Technology,Software - Infrastructure,United States,11700,2019-Q3
NTAP,NETAPP INC,2019-08-01 00:00:00-04:00,2019,3,8,40.47267532348633,49.18869937409067,50.26662225233951,37.516804062871934,77303700,199618386,8079090125.176369,8.07909012517637,,,,,,,,20.644247,15.387863,3.5331545,23.926153,,,,-43.25631318614671,Technology,Software - Infrastructure,United States,11700,2019-Q3
NTAP,NETAPP INC,2019-09-01 00:00:00-04:00,2019,3,9,44.22013854980469,40.009498675181895,48.0097144369652,39.327377071469506,59193900,199618386,8827152686.008392,8.827152686008393,,,,,,,,20.644247,15.387863,3.5331545,23.926153,,,,-37.338175587798325,Technology,Software - Infrastructure,United States,11700,2019-Q3
NTAP,NETAPP INC,2019-10-01 00:00:00-04:00,2019,4,10,47.05811309814453,44.69173228385136,47.69812895865811,41.10426845098109,44217800,199618386,9393664584.85707,9.39366458485707,,,,,,,,20.644247,15.387863,3.5331545,23.926153,,,,-27.029773929569078,Technology,Software - Infrastructure,United States,11700,2019-Q4
NTAP,NETAPP INC,2019-11-01 00:00:00-04:00,2019,4,11,51.505714416503906,47.98642698110644,54.34494685712181,47.32337052378312,53575800,199618386,10281487581.599442,10.28148758159944,,,,,,,,20.644247,15.387863,3.5331545,23.926153,,,,-6.691857675911706,Technology,Software - Infrastructure,United States,11700,2019-Q4
NTAP,NETAPP INC,2019-12-01 00:00:00-05:00,2019,4,12,52.91683578491211,51.08918473780778,54.82098998757309,48.9980141742082,38754300,199618386,10563173351.611198,10.563173351611198,,,,,,,,20.644247,15.387863,3.5331545,23.926153,,,,7.431896432283591,Technology,Software - Infrastructure,United States,11700,2019-Q4
NTAP,NETAPP INC,2020-01-01 00:00:00-05:00,2020,1,1,45.39371109008789,52.67880620381109,55.577539730108604,45.19819225795201,43512200,199618386,9061419342.353645,9.061419342353645,,,,,,,,20.644247,15.387863,3.5331545,23.926153,,,,-13.766770265193673,Technology,Software - Infrastructure,United States,11700,2020-Q1
NTAP,NETAPP INC,2020-02-01 00:00:00-05:00,2020,1,2,40.023868560791016,45.83212568610659,52.22292224045783,38.456151291133004,57042900,199618386,7989500043.581245,7.989500043581246,,,,,,,,20.644247,15.387863,3.5331545,23.926153,,,,-26.128261885730065,Technology,Software - Infrastructure,United States,11700,2020-Q1
NTAP,NETAPP INC,2020-03-01 00:00:00-05:00,2020,1,3,35.71477508544922,40.29798772027462,41.28316188569953,29.69235163800114,73081800,199618386,7129325758.910385,7.129325758910385,,,,,,,,20.644247,15.387863,3.5331545,23.926153,,,,-38.017240534640884,Technology,Software - Infrastructure,United States,11700,2020-Q1
NTAP,NETAPP INC,2020-04-01 00:00:00-04:00,2020,2,4,37.49667739868164,34.37837990227766,38.67032161728273,31.765520951804447,43989100,199618386,7485026222.687508,7.485026222687508,,,,,,,,20.644247,15.387863,3.5331545,23.926153,,,,-38.06014616489494,Technology,Software - Infrastructure,United States,11700,2020-Q2
NTAP,NETAPP INC,2020-05-01 00:00:00-04:00,2020,2,5,38.619632720947266,36.9114889840923,40.275750616948606,34.51835653467458,40385100,199618386,7709188751.668282,7.7091887516682815,,,,,,,,20.644247,15.387863,3.5331545,23.926153,,,,-21.92939988716518,Technology,Software - Infrastructure,United States,11700,2020-Q2
NTAP,NETAPP INC,2020-06-01 00:00:00-04:00,2020,2,6,38.47224044799805,38.02135960225214,43.050413408381466,34.648427543117585,65204400,199618386,7679766544.033287,7.679766544033287,,,,,,,,20.644247,15.387863,3.5331545,23.926153,,,,-25.378602005675365,Technology,Software - Infrastructure,United States,11700,2020-Q2
NTAP,NETAPP INC,2020-07-01 00:00:00-04:00,2020,3,7,38.411529541015625,38.46355537763779,40.24973276903935,35.88833434850397,50763700,199618386,7667647530.76886,7.66764753076886,,,,,,,,20.644247,15.387863,3.5331545,23.926153,,,,-21.407512660878126,Technology,Software - Infrastructure,United States,11700,2020-Q3
NTAP,NETAPP INC,2020-08-01 00:00:00-04:00,2020,3,8,41.5465202331543,38.723565019191035,41.642957089927684,35.1378904508386,84176200,199618386,8293449312.858604,8.293449312858604,,,,,,,,20.644247,15.387863,3.5331545,23.926153,,,,2.6532590225010866,Technology,Software - Infrastructure,United States,11700,2020-Q3
NTAP,NETAPP INC,2020-09-01 00:00:00-04:00,2020,3,9,38.434261322021484,41.43255290250908,42.493355080091995,35.471034956407884,54108700,199618386,7672185212.204155,7.672185212204155,,,,,,,,20.644247,15.387863,3.5331545,23.926153,,,,-13.084258479350153,Technology,Software - Infrastructure,United States,11700,2020-Q3
NTAP,NETAPP INC,2020-10-01 00:00:00-04:00,2020,4,10,38.478092193603516,38.89890483648118,42.90539542722062,36.733473320693314,43884000,199618386,7680934660.046333,7.680934660046334,,,,,,,,20.644247,15.387863,3.5331545,23.926153,,,,-18.232819676909905,Technology,Software - Infrastructure,United States,11700,2020-Q4
NTAP,NETAPP INC,2020-11-01 00:00:00-04:00,2020,4,11,47.24512481689453,39.40195370464413,49.38980897752485,38.92338664409048,38589100,199618386,9430995562.317032,9.430995562317031,,,,,,,,20.644247,15.387863,3.5331545,23.926153,,,,-8.272071648508506,Technology,Software - Infrastructure,United States,11700,2020-Q4
NTAP,NETAPP INC,2020-12-01 00:00:00-05:00,2020,4,12,58.70413589477539,46.651355334070985,59.93600056408583,46.651355334070985,53140400,199618386,11718424858.83973,11.718424858839729,,,,,,,,20.644247,15.387863,3.5331545,23.926153,,,,10.936595176224383,Technology,Software - Infrastructure,United States,11700,2020-Q4
NTAP,NETAPP INC,2021-01-01 00:00:00-05:00,2021,1,1,58.88137435913086,58.90796029063581,62.60355352122152,56.18722286331888,39374900,199618386,11753804915.031487,11.753804915031486,,,,,,,,20.644247,15.387863,3.5331545,23.926153,,,,29.712625262727443,Technology,Software - Infrastructure,United States,11700,2021-Q1
NTAP,NETAPP INC,2021-02-01 00:00:00-05:00,2021,1,2,55.88950729370117,59.66606974150145,63.9961660945531,54.603871259961615,39036800,199618386,11156573240.303856,11.156573240303857,,,,,,,,20.644247,15.387863,3.5331545,23.926153,,,,39.64044282429202,Technology,Software - Infrastructure,United States,11700,2021-Q1
NTAP,NETAPP INC,2021-03-01 00:00:00-05:00,2021,1,3,64.8800277709961,56.246619685749145,67.47808918792947,52.523630779416806,46337400,199618386,12951246427.281418,12.951246427281419,,,,,,,,20.644247,15.387863,3.5331545,23.926153,,,,81.66158856038624,Technology,Software - Infrastructure,United States,11700,2021-Q1
NTAP,NETAPP INC,2021-04-01 00:00:00-04:00,2021,2,4,66.68350219726562,65.82641156978806,70.32613566115755,64.39792037910799,30762100,199618386,13311253081.445618,13.311253081445617,,,,,,,,20.644247,15.387863,3.5331545,23.926153,,,,77.83842949138256,Technology,Software - Infrastructure,United States,11700,2021-Q2
NTAP,NETAPP INC,2021-05-01 00:00:00-04:00,2021,2,5,69.52925109863281,67.3005737041848,72.48584010793769,65.8627206381978,27979000,199618386,13879316884.097809,13.87931688409781,,,,,,,,20.644247,15.387863,3.5331545,23.926153,,,,80.03602364897735,Technology,Software - Infrastructure,United States,11700,2021-Q2
NTAP,NETAPP INC,2021-06-01 00:00:00-04:00,2021,2,6,73.52827453613281,69.25964455141865,75.65809870200965,68.41490294992575,45233500,199618386,14677595488.26773,14.67759548826773,,,,,,,,20.644247,15.387863,3.5331545,23.926153,,,,91.12033424598476,Technology,Software - Infrastructure,United States,11700,2021-Q2
NTAP,NETAPP INC,2021-07-01 00:00:00-04:00,2021,3,7,71.52425384521484,73.90570114447719,74.76841280886141,67.90265981394195,28494300,199618386,14277556112.43608,14.27755611243608,,,,,,,,20.644247,15.387863,3.5331545,23.926153,,,,86.2051699056702,Technology,Software - Infrastructure,United States,11700,2021-Q3
NTAP,NETAPP INC,2021-08-01 00:00:00-04:00,2021,3,8,80.40491485595703,72.33097004838527,82.5386790242259,70.5679054126634,31608900,199618386,16050299330.013565,16.050299330013566,,,,,,,,20.644247,15.387863,3.5331545,23.926153,,,,93.52984174061724,Technology,Software - Infrastructure,United States,11700,2021-Q3
NTAP,NETAPP INC,2021-09-01 00:00:00-04:00,2021,3,9,81.15534973144531,80.1246339676451,85.28725608928124,79.34707549347739,31791300,199618386,16200099928.656647,16.20009992865665,,,,,,,,20.644247,15.387863,3.5331545,23.926153,,,,111.15366066615708,Technology,Software - Infrastructure,United States,11700,2021-Q3
NTAP,NETAPP INC,2021-10-01 00:00:00-04:00,2021,4,10,80.73946380615234,81.46276950874623,85.61276331078362,79.49174991499409,26905600,199618386,16117081451.489548,16.117081451489547,,,,,,,,20.644247,15.387863,3.5331545,23.926153,,,,109.83229469878508,Technology,Software - Infrastructure,United States,11700,2021-Q4
NTAP,NETAPP INC,2021-11-01 00:00:00-04:00,2021,4,11,80.80784606933594,81.20788714330122,84.3627401267401,76.48924480143835,34696900,199618386,16130731808.497284,16.130731808497284,,,,,,,,20.644247,15.387863,3.5331545,23.926153,,,,71.03954404294348,Technology,Software - Infrastructure,United States,11700,2021-Q4
NTAP,NETAPP INC,2021-12-01 00:00:00-05:00,2021,4,12,83.63538360595703,81.37152958540597,85.58102632827578,77.04383511998839,34950200,199618386,16695160287.912003,16.695160287912003,,,,,,,,20.644247,15.387863,3.5331545,23.926153,,,,42.46932065548128,Technology,Software - Infrastructure,United States,11700,2021-Q4
NTAP,NETAPP INC,2022-01-01 00:00:00-05:00,2022,1,1,78.6530990600586,83.6990397485191,88.02673493175885,74.99819458131613,41747800,199618386,15700604688.267014,15.700604688267013,,,,,,,,20.644247,15.387863,3.5331545,23.926153,,,,33.57891169512366,Technology,Software - Infrastructure,United States,11700,2022-Q1
NTAP,NETAPP INC,2022-02-01 00:00:00-05:00,2022,1,2,71.64812469482422,79.23526011787162,84.46398396421768,65.8526556453263,38164700,199618386,14302283011.507553,14.302283011507553,,,,,,,,20.644247,15.387863,3.5331545,23.926153,,,,28.196021336010357,Technology,Software - Infrastructure,United States,11700,2022-Q1
NTAP,NETAPP INC,2022-03-01 00:00:00-05:00,2022,1,3,75.87133026123047,71.56586163390375,82.45293684363932,70.01186634769316,43319200,199618386,15145312490.419785,15.145312490419785,,,,,,,,20.644247,15.387863,3.5331545,23.926153,,,,16.940964527681523,Technology,Software - Infrastructure,United States,11700,2022-Q1
NTAP,NETAPP INC,2022-04-01 00:00:00-04:00,2022,2,4,66.95873260498047,76.38322911943618,76.69403095875467,66.7941920957234,36749700,199618386,13366194131.211777,13.366194131211778,,,,,,,,20.644247,15.387863,3.5331545,23.926153,,,,0.4127413807700764,Technology,Software - Infrastructure,United States,11700,2022-Q2
NTAP,NETAPP INC,2022-05-01 00:00:00-04:00,2022,2,5,66.18502044677734,67.58323473613144,70.58202997163593,59.405544446596345,42100800,199618386,13211746958.962692,13.211746958962692,,,,,,,,20.644247,15.387863,3.5331545,23.926153,,,,-4.809818312455871,Technology,Software - Infrastructure,United States,11700,2022-Q2
NTAP,NETAPP INC,2022-06-01 00:00:00-04:00,2022,2,6,60.012657165527344,65.86306410451249,67.79480065574171,57.74976497487701,42882500,199618386,11979629762.953903,11.979629762953904,,,,,,,,20.644247,15.387863,3.5331545,23.926153,,,,-18.381523918344776,Technology,Software - Infrastructure,United States,11700,2022-Q2
NTAP,NETAPP INC,2022-07-01 00:00:00-04:00,2022,3,7,65.61469268798828,59.88386771649131,66.17581706146723,56.35154718563458,28128800,199618386,13097899052.262222,13.097899052262223,,,,,,,,20.644247,15.387863,3.5331545,23.926153,,,,-8.26231780063782,Technology,Software - Infrastructure,United States,11700,2022-Q3
NTAP,NETAPP INC,2022-08-01 00:00:00-04:00,2022,3,8,66.87861633300781,66.01632413880586,73.33189688441495,65.20966849109313,26281600,199618386,13350201450.308258,13.350201450308258,,,,,,,,20.644247,15.387863,3.5331545,23.926153,,,,-16.822726007708823,Technology,Software - Infrastructure,United States,11700,2022-Q3
NTAP,NETAPP INC,2022-09-01 00:00:00-04:00,2022,3,9,57.34705352783203,66.28521964982066,68.28796578866056,57.254335371169134,30708000,199618386,11447526267.081436,11.447526267081436,,,,,,,,20.644247,15.387863,3.5331545,23.926153,,,,-29.336693492663567,Technology,Software - Infrastructure,United States,11700,2022-Q3
NTAP,NETAPP INC,2022-10-01 00:00:00-04:00,2022,4,10,64.22683715820312,58.07026237560184,64.67189416607366,56.150967734921174,38108400,199618386,12820857571.405334,12.820857571405334,,,,,,,,20.644247,15.387863,3.5331545,23.926153,,,,-20.451741774746534,Technology,Software - Infrastructure,United States,11700,2022-Q4
NTAP,NETAPP INC,2022-11-01 00:00:00-04:00,2022,4,11,63.157684326171875,65.33424872192228,70.23852086685753,60.25248635206163,31226500,199618386,12607435008.687927,12.607435008687927,,,,,,,,20.644247,15.387863,3.5331545,23.926153,,,,-21.84213860621852,Technology,Software - Infrastructure,United States,11700,2022-Q4
NTAP,NETAPP INC,2022-12-01 00:00:00-05:00,2022,4,12,56.10487365722656,62.914803010400135,63.98907355385281,54.2552629076681,40578800,199618386,11199564326.189484,11.199564326189483,,,,,,,,20.644247,15.387863,3.5331545,23.926153,,,,-32.91729978598386,Technology,Software - Infrastructure,United States,11700,2022-Q4
NTAP,NETAPP INC,2023-01-01 00:00:00-05:00,2023,1,1,61.868568420410156,56.422488865924336,63.08295543019555,56.00212193885182,35456000,199618386,12350103772.212845,12.350103772212845,,,,,,,,20.644247,15.387863,3.5331545,23.926153,,,,-21.339948254082096,Technology,Software - Infrastructure,United States,11700,2023-Q1
NTAP,NETAPP INC,2023-02-01 00:00:00-05:00,2023,1,2,60.78999328613281,62.18377990250935,65.68709266067646,59.622221169246174,35428100,199618386,12134800344.728668,12.134800344728669,,,,,,,,20.644247,15.387863,3.5331545,23.926153,,,,-15.154801964378262,Technology,Software - Infrastructure,United States,11700,2023-Q1
NTAP,NETAPP INC,2023-03-01 00:00:00-05:00,2023,1,3,60.130767822265625,60.667565318386615,62.522814947870806,56.25075677885807,44944000,199618386,12003206821.621399,12.003206821621399,,,,,,,,20.644247,15.387863,3.5331545,23.926153,,,,-20.746390480790243,Technology,Software - Infrastructure,United States,11700,2023-Q1
NTAP,NETAPP INC,2023-04-01 00:00:00-04:00,2023,2,4,59.226688385009766,60.07426527221891,64.27447164107078,57.37143874994811,48404100,199618386,11822735943.540596,11.822735943540597,,,,,,,,20.644247,15.387863,3.5331545,23.926153,,,,-11.547476959555814,Technology,Software - Infrastructure,United States,11700,2023-Q2
NTAP,NETAPP INC,2023-05-01 00:00:00-04:00,2023,2,5,62.983516693115234,59.66110051383101,67.0368684875258,58.41756991854681,39471100,199618386,12572667946.88372,12.57266794688372,,,,,,,,20.644247,15.387863,3.5331545,23.926153,,,,-4.837202938143081,Technology,Software - Infrastructure,United States,11700,2023-Q2
NTAP,NETAPP INC,2023-06-01 00:00:00-04:00,2023,2,6,72.52359771728516,66.73310260501268,72.97923929260982,65.91673693673937,51832800,199618386,14477043523.237747,14.477043523237747,,,,,,,,20.644247,15.387863,3.5331545,23.926153,,,,20.8471698182769,Technology,Software - Infrastructure,United States,11700,2023-Q2
NTAP,NETAPP INC,2023-07-01 00:00:00-04:00,2023,3,7,74.05191802978516,72.47613990198819,76.44405467556815,71.03326509445596,48267800,199618386,14782124357.310013,14.782124357310012,,,,,,,,20.644247,15.387863,3.5331545,23.926153,,,,12.858743973575649,Technology,Software - Infrastructure,United States,11700,2023-Q3
NTAP,NETAPP INC,2023-08-01 00:00:00-04:00,2023,3,8,73.28868103027344,74.05310307481521,76.4610201220047,70.84254215184997,47605200,199618386,14629768219.332,14.629768219332,,,,,,,,20.644247,15.387863,3.5331545,23.926153,,,,9.584625174283023,Technology,Software - Infrastructure,United States,11700,2023-Q3
NTAP,NETAPP INC,2023-09-01 00:00:00-04:00,2023,3,9,72.50517272949219,74.01490269549286,76.40371316445432,71.11966557352295,35127200,199618386,14473365556.912445,14.473365556912444,,,,,,,,20.644247,15.387863,3.5331545,23.926153,,,,26.432254613227023,Technology,Software - Infrastructure,United States,11700,2023-Q3
NTAP,NETAPP INC,2023-10-01 00:00:00-04:00,2023,4,10,69.54305267333984,72.55295547231614,74.06268551359042,67.67022604710537,35034200,199618386,13882071932.165085,13.882071932165085,,,,,,,,20.644247,15.387863,3.5331545,23.926153,,,,8.277249433973921,Technology,Software - Infrastructure,United States,11700,2023-Q4
NTAP,NETAPP INC,2023-11-01 00:00:00-04:00,2023,4,11,87.90884399414062,70.00772077155352,88.11084395999148,69.62295578664545,39255800,199618386,17548221553.236145,17.548221553236147,,,,,,,,20.644247,15.387863,3.5331545,23.926153,,,,39.18946670074814,Technology,Software - Infrastructure,United States,11700,2023-Q4
NTAP,NETAPP INC,2023-12-01 00:00:00-05:00,2023,4,12,84.8018798828125,86.00426583392692,88.28398490041972,84.19587266663072,41416200,199618386,16928014391.9729,16.9280143919729,,,,,,,,20.644247,15.387863,3.5331545,23.926153,,,,51.14886524994364,Technology,Software - Infrastructure,United States,11700,2023-Q4
NTAP,NETAPP INC,2024-01-01 00:00:00-05:00,2024,1,1,83.87843322753906,83.86881942474527,86.33130327561767,80.43480576070368,36859300,199618386,16743677461.090118,16.74367746109012,,,,,,,,20.644247,15.387863,3.5331545,23.926153,,,,35.575196532053496,Technology,Software - Infrastructure,United States,11700,2024-Q1
NTAP,NETAPP INC,2024-02-01 00:00:00-05:00,2024,1,2,86.22482299804688,84.2123927445572,87.99536744668526,81.07765044532302,30937000,199618386,17212060000.0058,17.2120600000058,,,,,,,,20.644247,15.387863,3.5331545,23.926153,,,,41.84048777928746,Technology,Software - Infrastructure,United States,11700,2024-Q1
NTAP,NETAPP INC,2024-03-01 00:00:00-05:00,2024,1,3,101.55989837646484,102.44033186727896,108.82592719320236,97.38991734413862,53746000,199618386,20273222996.233932,20.273222996233933,,,,,,,,20.644247,15.387863,3.5331545,23.926153,,,,68.89838938470791,Technology,Software - Infrastructure,United States,11700,2024-Q1
NTAP,NETAPP INC,2024-04-01 00:00:00-04:00,2024,2,4,98.88956451416016,101.32770292830425,105.2848300229268,94.14874638136264,32816900,199618386,19740175260.559525,19.740175260559525,,,,,,,,20.644247,15.387863,3.5331545,23.926153,,,,66.96791127560162,Technology,Software - Infrastructure,United States,11700,2024-Q2
NTAP,NETAPP INC,2024-05-01 00:00:00-04:00,2024,2,5,117.0673828125,98.52985106085141,118.08806793168074,97.44112076148319,50148900,199618386,23368802010.27539,23.36880201027539,,,,,,,,20.644247,15.387863,3.5331545,23.926153,,,,85.86987351453608,Technology,Software - Infrastructure,United States,11700,2024-Q2
NTAP,NETAPP INC,2024-06-01 00:00:00-04:00,2024,2,6,125.20368957519531,114.6371956519174,127.21588396838202,111.80844420361957,44455300,199618386,24992958434.245514,24.992958434245512,,,,,,,,20.644247,15.387863,3.5331545,23.926153,,,,72.63855285181815,Technology,Software - Infrastructure,United States,11700,2024-Q2
NTAP,NETAPP INC,2024-07-01 00:00:00-04:00,2024,3,7,123.43449401855469,125.84525123571223,131.24027341970594,118.40884405068338,35517900,199618386,24639794472.71054,24.63979447271054,1541000000.0,1541.0,1098000000.0,248000000.0,300000000.0,378000000.0,3.997370939764851,20.644247,15.387863,3.5331545,23.926153,,,,66.68642393422797,Technology,Software - Infrastructure,United States,11700,2024-Q3
NTAP,NETAPP INC,2024-08-01 00:00:00-04:00,2024,3,8,117.81962585449219,123.39243855296229,131.14166990301464,110.46077829131299,37596000,199618386,23518963552.1976,23.5189635521976,1541000000.0,1541.0,1098000000.0,248000000.0,300000000.0,378000000.0,3.815535942926282,20.644247,15.387863,3.5331545,23.926153,,0.0,,60.761012748782186,Technology,Software - Infrastructure,United States,11700,2024-Q3
NTAP,NETAPP INC,2024-09-01 00:00:00-04:00,2024,3,9,120.54258728027344,119.75204303784962,122.0358267604953,110.15822137544505,34172400,199618386,24062516717.152313,24.062516717152313,1541000000.0,1541.0,1098000000.0,248000000.0,300000000.0,378000000.0,3.9037178321142623,20.644247,15.387863,3.5331545,23.926153,,0.0,,66.2537757547353,Technology,Software - Infrastructure,United States,11700,2024-Q3
NTAP,NETAPP INC,2024-10-01 00:00:00-04:00,2024,4,10,112.53960418701172,120.54259862840865,125.1687151380794,112.43224640874965,27204900,199618386,22464974148.89012,22.46497414889012,1658000000.0,1658.0,1177000000.0,299000000.0,358000000.0,438000000.0,3.387360396394771,20.644247,15.387863,3.5331545,23.926153,,7.592472420506158,,61.82724206203147,Technology,Software - Infrastructure,United States,11700,2024-Q4
NTAP,NETAPP INC,2024-11-01 00:00:00-04:00,2024,4,11,120.20286560058594,113.26355939718097,132.75829957435232,112.95972219025336,44553800,199618386,23994702023.763885,23.994702023763885,1658000000.0,1658.0,1177000000.0,299000000.0,358000000.0,438000000.0,3.618019002376943,20.644247,15.387863,3.5331545,23.926153,,0.0,7.592472420506158,36.73580511262075,Technology,Software - Infrastructure,United States,11700,2024-Q4
NTAP,NETAPP INC,2024-12-01 00:00:00-05:00,2024,4,12,113.77323913574219,119.89903801049853,128.69078575199393,112.25403802368989,36439200,199618386,22711230366.26889,22.71123036626889,1658000000.0,1658.0,1177000000.0,299000000.0,358000000.0,438000000.0,3.4244919128873477,20.644247,15.387863,3.5331545,23.926153,,0.0,7.592472420506158,34.16358138872055,Technology,Software - Infrastructure,United States,11700,2024-Q4
NTAP,NETAPP INC,2025-01-01 00:00:00-05:00,2025,1,1,119.6736068725586,114.65535715510603,124.6624614292583,110.61722779253424,27346800,199618386,23889052250.698654,23.889052250698654,1641000000.0,1641.0,1145000000.0,299000000.0,373000000.0,446000000.0,3.639404669515334,20.644247,15.387863,3.5331545,23.926153,,-1.0253317249698468,6.489292667099278,42.67506231061458,Technology,Software - Infrastructure,United States,11700,2025-Q1
NTAP,NETAPP INC,2025-02-01 00:00:00-05:00,2025,1,2,98.26736450195312,117.41675570670944,125.80506986519963,96.00291711140476,40483100,199618386,19615972698.353577,19.615972698353577,1641000000.0,1641.0,1145000000.0,299000000.0,373000000.0,446000000.0,2.9884175347887836,20.644247,15.387863,3.5331545,23.926153,,0.0,-1.0253317249698468,13.966443867538047,Technology,Software - Infrastructure,United States,11700,2025-Q1
NTAP,NETAPP INC,2025-03-01 00:00:00-05:00,2025,1,3,86.48236846923828,99.0648510438524,99.12392129870078,85.06462977253857,54237700,199618386,17263470811.286636,17.263470811286638,1641000000.0,1641.0,1145000000.0,299000000.0,373000000.0,446000000.0,2.6300229755159408,20.644247,15.387863,3.5331545,23.926153,,0.0,-1.0253317249698468,-14.84594820224887,Technology,Software - Infrastructure,United States,11700,2025-Q1
NTAP,NETAPP INC,2025-04-01 00:00:00-04:00,2025,2,4,88.36285400390625,86.98449043358332,89.81013537717148,70.72966137098818,50728400,199618386,17638850298.613403,17.638850298613402,1732000000.0,1732.0,1193000000.0,340000000.0,394000000.0,428000000.0,2.546023426474221,20.644247,15.387863,3.5331545,23.926153,,5.545399146861674,4.463208685162856,-10.644915428610846,Technology,Software - Infrastructure,United States,11700,2025-Q2
NTAP,NETAPP INC,2025-05-01 00:00:00-04:00,2025,2,5,98.25347137451172,89.177209531357,101.23594816144886,88.33498184215667,45172300,199618386,19613199374.67723,19.61319937467723,1732000000.0,1732.0,1193000000.0,340000000.0,394000000.0,428000000.0,2.8310045286774295,20.644247,15.387863,3.5331545,23.926153,,0.0,5.545399146861674,-16.07101054622655,Technology,Software - Infrastructure,United States,11700,2025-Q2
NTAP,NETAPP INC,2025-06-01 00:00:00-04:00,2025,2,6,105.5759048461914,98.11473903365696,106.11096142208513,95.25116050875667,48802800,199618386,21074891725.886307,21.074891725886307,1732000000.0,1732.0,1193000000.0,340000000.0,394000000.0,428000000.0,3.0419878357226193,20.644247,15.387863,3.5331545,23.926153,,0.0,5.545399146861674,-15.676682369025375,Technology,Software - Infrastructure,United States,11700,2025-Q2
NTAP,NETAPP INC,2025-07-01 00:00:00-04:00,2025,3,7,103.17802429199219,105.08047709259833,109.31143674866006,101.44402306973575,32047700,199618386,20596230679.836273,20.596230679836275,1559000000.0,1559.0,1098000000.0,233000000.0,311000000.0,384000000.0,3.3027951699545017,20.644247,15.387863,3.5331545,23.926153,,-9.988452655889146,-4.99695307739183,-16.41070422625749,Technology,Software - Infrastructure,United States,11700,2025-Q3
NTAP,NETAPP INC,2025-08-01 00:00:00-04:00,2025,3,8,112.30152893066406,102.06605086568011,117.72792298144019,100.12449138600243,40602600,199618386,22417449950.471466,22.417449950471465,1559000000.0,1559.0,1098000000.0,233000000.0,311000000.0,384000000.0,3.5948444436291638,20.644247,15.387863,3.5331545,23.926153,,0.0,-9.988452655889146,-4.683512516533539,Technology,Software - Infrastructure,United States,11700,2025-Q3
NTAP,NETAPP INC,2025-09-01 00:00:00-04:00,2025,3,9,117.94696807861328,110.42967045952287,126.11145976895446,109.73269748795863,46665200,199618386,23544383401.446304,23.544383401446304,1559000000.0,1559.0,1098000000.0,233000000.0,311000000.0,384000000.0,3.775558595485296,20.644247,15.387863,3.5331545,23.926153,,0.0,-9.988452655889146,-2.1532798160579403,Technology,Software - Infrastructure,United States,11700,2025-Q3
NTAP,NETAPP INC,2025-10-01 00:00:00-04:00,2025,4,10,116.63999938964844,117.43000030517578,123.66000366210938,112.62999725341797,33958296,199618386,23283488421.202606,23.283488421202605,,,,,,,,20.644247,15.387863,3.5331545,23.926153,,0.0,-9.988452655889146,3.643513083467864,Technology,Software - Infrastructure,United States,11700,2025-Q4
