ticker,company_name,date,year,quarter,month,close_price,open_price,high_price,low_price,volume,shares_outstanding,market_cap,market_cap_billions,revenue,revenue_millions,gross_profit,net_income,operating_income,ebitda,ps_ratio,current_pe,forward_pe,current_ps,current_pb,peg_ratio,revenue_qoq_pct,revenue_yoy_pct,market_cap_yoy_pct,sector,industry,country,employees,year_quarter
NXPI,NXP SEMICONDUCTORS NV,2015-01-01 00:00:00-05:00,2015,1,1,70.8205337524414,68.33904892173295,73.87330218267135,64.44722153783623,69355200,252114595,17854890184.680595,17.854890184680595,,,,,,,,26.89392,17.263964,4.6928835,5.9449344,,,,,Technology,Semiconductors,Netherlands,33100,2015-Q1
NXPI,NXP SEMICONDUCTORS NV,2015-02-01 00:00:00-05:00,2015,1,2,75.7835464477539,71.3472176893882,77.21173910382743,67.99095983999558,57378300,252114595,19106138120.339165,19.106138120339164,,,,,,,,26.89392,17.263964,4.6928835,5.9449344,,,,,Technology,Semiconductors,Netherlands,33100,2015-Q1
NXPI,NXP SEMICONDUCTORS NV,2015-03-01 00:00:00-05:00,2015,1,3,89.58346557617188,84.88827608398498,96.84940171285835,83.05840668149666,108675400,252114595,22585299142.433014,22.585299142433016,,,,,,,,26.89392,17.263964,4.6928835,5.9449344,,,,,Technology,Semiconductors,Netherlands,33100,2015-Q1
NXPI,NXP SEMICONDUCTORS NV,2015-04-01 00:00:00-04:00,2015,2,4,85.79875946044922,89.26212755804376,92.04710838951227,83.41545547892794,57758000,252114595,21631119492.873573,21.631119492873573,,,,,,,,26.89392,17.263964,4.6928835,5.9449344,,,,,Technology,Semiconductors,Netherlands,33100,2015-Q2
NXPI,NXP SEMICONDUCTORS NV,2015-05-01 00:00:00-04:00,2015,2,5,100.19673156738281,85.63808170330186,100.69659726944792,85.51311527778559,60479800,252114595,25261058399.434433,25.261058399434432,,,,,,,,26.89392,17.263964,4.6928835,5.9449344,,,,,Technology,Semiconductors,Netherlands,33100,2015-Q2
NXPI,NXP SEMICONDUCTORS NV,2015-06-01 00:00:00-04:00,2015,2,6,87.65538787841797,101.07148851499275,101.75880375440808,85.50417460348874,56150600,252114595,22099202614.535255,22.099202614535255,,,,,,,,26.89392,17.263964,4.6928835,5.9449344,,,,,Technology,Semiconductors,Netherlands,33100,2015-Q2
NXPI,NXP SEMICONDUCTORS NV,2015-07-01 00:00:00-04:00,2015,3,7,86.57530975341797,89.68163386111242,90.30646584333017,76.51547397876509,93196200,252114595,21826899155.48252,21.826899155482522,,,,,,,,26.89392,17.263964,4.6928835,5.9449344,,,,,Technology,Semiconductors,Netherlands,33100,2015-Q3
NXPI,NXP SEMICONDUCTORS NV,2015-08-01 00:00:00-04:00,2015,3,8,75.56037139892578,86.11115167981053,88.78901476440218,64.31334780567248,94428600,252114595,19049872433.289757,19.049872433289757,,,,,,,,26.89392,17.263964,4.6928835,5.9449344,,,,,Technology,Semiconductors,Netherlands,33100,2015-Q3
NXPI,NXP SEMICONDUCTORS NV,2015-09-01 00:00:00-04:00,2015,3,9,77.72052764892578,73.25742164678198,84.70975328272121,72.11486759985866,68420700,252114595,19594479351.395226,19.594479351395226,,,,,,,,26.89392,17.263964,4.6928835,5.9449344,,,,,Technology,Semiconductors,Netherlands,33100,2015-Q3
NXPI,NXP SEMICONDUCTORS NV,2015-10-01 00:00:00-04:00,2015,4,10,69.9368667602539,76.84575265515146,87.55720661134072,64.74181186390848,126563600,252114595,17632104838.830376,17.632104838830376,,,,,,,,26.89392,17.263964,4.6928835,5.9449344,,,,,Technology,Semiconductors,Netherlands,33100,2015-Q4
NXPI,NXP SEMICONDUCTORS NV,2015-11-01 00:00:00-04:00,2015,4,11,83.42434692382812,69.3030848244886,83.42434692382812,67.74992639461712,97853100,252114595,21032495437.840424,21.032495437840424,,,,,,,,26.89392,17.263964,4.6928835,5.9449344,,,,,Technology,Semiconductors,Netherlands,33100,2015-Q4
NXPI,NXP SEMICONDUCTORS NV,2015-12-01 00:00:00-05:00,2015,4,12,75.20330810546875,82.76380794468814,84.0938111307481,73.06101666090773,82649100,252114595,18959851565.67047,18.959851565670473,,,,,,,,26.89392,17.263964,4.6928835,5.9449344,,,,,Technology,Semiconductors,Netherlands,33100,2015-Q4
NXPI,NXP SEMICONDUCTORS NV,2016-01-01 00:00:00-05:00,2016,1,1,66.75021362304688,73.19493990958993,76.5511975976548,59.74313842056314,88511500,252114595,16828703073.737946,16.828703073737945,,,,,,,,26.89392,17.263964,4.6928835,5.9449344,,,,-5.747372850397658,Technology,Semiconductors,Netherlands,33100,2016-Q1
NXPI,NXP SEMICONDUCTORS NV,2016-02-01 00:00:00-05:00,2016,1,2,63.59033203125,66.00041334408412,68.73183202180353,54.99439237420645,91687100,252114595,16032050805.974121,16.03205080597412,,,,,,,,26.89392,17.263964,4.6928835,5.9449344,,,,-16.089527328877463,Technology,Semiconductors,Netherlands,33100,2016-Q1
NXPI,NXP SEMICONDUCTORS NV,2016-03-01 00:00:00-05:00,2016,1,3,72.36478424072266,64.26871203830376,74.62311428244337,63.46535177579341,70397400,252114595,18244218271.112175,18.244218271112175,,,,,,,,26.89392,17.263964,4.6928835,5.9449344,,,,-19.220825209991855,Technology,Semiconductors,Netherlands,33100,2016-Q1
NXPI,NXP SEMICONDUCTORS NV,2016-04-01 00:00:00-04:00,2016,2,4,76.12273406982422,71.59714490439745,81.38920045813131,71.4543290551372,91032200,252114595,19191652270.306435,19.191652270306435,,,,,,,,26.89392,17.263964,4.6928835,5.9449344,,,,-11.277581927143565,Technology,Semiconductors,Netherlands,33100,2016-Q2
NXPI,NXP SEMICONDUCTORS NV,2016-05-01 00:00:00-04:00,2016,2,5,84.34376525878906,75.97990996714778,84.34376525878906,73.15029592366292,91396700,252114595,21264294218.994675,21.264294218994674,,,,,,,,26.89392,17.263964,4.6928835,5.9449344,,,,-15.821839755254441,Technology,Semiconductors,Netherlands,33100,2016-Q2
NXPI,NXP SEMICONDUCTORS NV,2016-06-01 00:00:00-04:00,2016,2,6,69.92794036865234,83.99565215202811,84.21880744829288,65.71477409570718,102174600,252114595,17629854365.226936,17.629854365226937,,,,,,,,26.89392,17.263964,4.6928835,5.9449344,,,,-20.22402494454124,Technology,Semiconductors,Netherlands,33100,2016-Q2
NXPI,NXP SEMICONDUCTORS NV,2016-07-01 00:00:00-04:00,2016,3,7,75.06050109863281,69.47269820862283,79.5325344822427,66.98228465284576,97435400,252114595,18923847834.978867,18.923847834978865,,,,,,,,26.89392,17.263964,4.6928835,5.9449344,,,,-13.300337807143169,Technology,Semiconductors,Netherlands,33100,2016-Q3
NXPI,NXP SEMICONDUCTORS NV,2016-08-01 00:00:00-04:00,2016,3,8,78.56851196289062,75.36400524876191,80.21093844810906,72.90036892601378,54853000,252114595,19808268573.276825,19.808268573276823,,,,,,,,26.89392,17.263964,4.6928835,5.9449344,,,,3.981108758827001,Technology,Semiconductors,Netherlands,33100,2016-Q3
NXPI,NXP SEMICONDUCTORS NV,2016-09-01 00:00:00-04:00,2016,3,9,91.05628204345703,78.88985186138888,93.4038731292893,71.52572764683096,107021800,252114595,22956617669.59194,22.956617669591942,,,,,,,,26.89392,17.263964,4.6928835,5.9449344,,,,17.15859991940696,Technology,Semiconductors,Netherlands,33100,2016-Q3
NXPI,NXP SEMICONDUCTORS NV,2016-10-01 00:00:00-04:00,2016,4,10,89.26213073730469,91.92214522974682,95.99249621211668,87.36084980425774,148266400,252114595,22504285939.672623,22.504285939672624,,,,,,,,26.89392,17.263964,4.6928835,5.9449344,,,,27.632441761079285,Technology,Semiconductors,Netherlands,33100,2016-Q4
NXPI,NXP SEMICONDUCTORS NV,2016-11-01 00:00:00-04:00,2016,4,11,88.50337982177734,89.26210636383831,89.30674014108354,85.5845051299912,86243700,252114595,22312993759.898567,22.312993759898568,,,,,,,,26.89392,17.263964,4.6928835,5.9449344,,,,6.088190180963249,Technology,Semiconductors,Netherlands,33100,2016-Q4
NXPI,NXP SEMICONDUCTORS NV,2016-12-01 00:00:00-05:00,2016,4,12,87.48580169677734,88.38734416401518,88.72654456292275,86.45035788350431,55641100,252114595,22056447463.033333,22.056447463033333,,,,,,,,26.89392,17.263964,4.6928835,5.9449344,,,,16.332384705847012,Technology,Semiconductors,Netherlands,33100,2016-Q4
NXPI,NXP SEMICONDUCTORS NV,2017-01-01 00:00:00-05:00,2017,1,1,87.34298706054688,87.7000369189409,88.18205320624888,85.69163912690408,62760500,252114595,22020441808.860016,22.020441808860017,,,,,,,,26.89392,17.263964,4.6928835,5.9449344,,,,30.85049817786638,Technology,Semiconductors,Netherlands,33100,2017-Q1
NXPI,NXP SEMICONDUCTORS NV,2017-02-01 00:00:00-05:00,2017,1,2,91.7703628540039,87.82497966744202,92.10063507574439,87.25370277210989,49723300,252114595,23136647863.94024,23.13664786394024,,,,,,,,26.89392,17.263964,4.6928835,5.9449344,,,,44.31496097379313,Technology,Semiconductors,Netherlands,33100,2017-Q1
NXPI,NXP SEMICONDUCTORS NV,2017-03-01 00:00:00-05:00,2017,1,3,92.38626098632812,92.11847199853689,93.23424809740558,91.58290083311128,58226000,252114595,23291924772.132416,23.291924772132415,,,,,,,,26.89392,17.263964,4.6928835,5.9449344,,,,27.667430996551712,Technology,Semiconductors,Netherlands,33100,2017-Q1
NXPI,NXP SEMICONDUCTORS NV,2017-04-01 00:00:00-04:00,2017,2,4,94.39469146728516,92.54696586416169,94.43932525114427,92.08280583875954,55143200,252114595,23798279409.424553,23.798279409424552,,,,,,,,26.89392,17.263964,4.6928835,5.9449344,,,,24.003285773604553,Technology,Semiconductors,Netherlands,33100,2017-Q2
NXPI,NXP SEMICONDUCTORS NV,2017-05-01 00:00:00-04:00,2017,2,5,98.09907531738281,94.52859036905339,98.09907531738281,94.26080127386486,78017000,252114595,24732208643.516464,24.732208643516465,,,,,,,,26.89392,17.263964,4.6928835,5.9449344,,,,16.308626981957474,Technology,Semiconductors,Netherlands,33100,2017-Q2
NXPI,NXP SEMICONDUCTORS NV,2017-06-01 00:00:00-04:00,2017,2,6,97.69738006591797,97.87590837821695,98.17047498589118,96.40308215000456,87578300,252114595,24630935407.879982,24.63093540787998,,,,,,,,26.89392,17.263964,4.6928835,5.9449344,,,,39.71150809085498,Technology,Semiconductors,Netherlands,33100,2017-Q2
NXPI,NXP SEMICONDUCTORS NV,2017-07-01 00:00:00-04:00,2017,3,7,98.4828872680664,97.74201012310618,98.57214801573618,97.29569957459886,40721700,252114595,24828973238.01922,24.82897323801922,,,,,,,,26.89392,17.263964,4.6928835,5.9449344,,,,31.204675996840937,Technology,Semiconductors,Netherlands,33100,2017-Q3
NXPI,NXP SEMICONDUCTORS NV,2017-08-01 00:00:00-04:00,2017,3,8,100.83045959472656,98.45609145846075,101.21428686763866,98.36682391719405,38723000,252114595,25420830484.38835,25.42083048438835,,,,,,,,26.89392,17.263964,4.6928835,5.9449344,,,,28.334439682847346,Technology,Semiconductors,Netherlands,33100,2017-Q3
NXPI,NXP SEMICONDUCTORS NV,2017-09-01 00:00:00-04:00,2017,3,9,100.9465103149414,100.68765620584404,101.2232274687155,99.75040138820039,27122900,252114595,25450088564.714775,25.450088564714775,,,,,,,,26.89392,17.263964,4.6928835,5.9449344,,,,10.861664949996763,Technology,Semiconductors,Netherlands,33100,2017-Q3
NXPI,NXP SEMICONDUCTORS NV,2017-10-01 00:00:00-04:00,2017,4,10,104.48129272460938,101.00006939758735,105.32927996637721,100.73228036852493,46128300,252114595,26341258800.34134,26.34125880034134,,,,,,,,26.89392,17.263964,4.6928835,5.9449344,,,,17.049964930922545,Technology,Semiconductors,Netherlands,33100,2017-Q4
NXPI,NXP SEMICONDUCTORS NV,2017-11-01 00:00:00-04:00,2017,4,11,101.21431732177734,104.4813141826083,105.50782311446656,99.41122549427256,92573800,252114595,25517606619.78138,25.51760661978138,,,,,,,,26.89392,17.263964,4.6928835,5.9449344,,,,14.362092753515743,Technology,Semiconductors,Netherlands,33100,2017-Q4
NXPI,NXP SEMICONDUCTORS NV,2017-12-01 00:00:00-05:00,2017,4,12,104.51700592041016,101.76773798738544,104.79372310447111,101.22323854765887,49618000,252114595,26350262618.23681,26.35026261823681,,,,,,,,26.89392,17.263964,4.6928835,5.9449344,,,,19.46739230059564,Technology,Semiconductors,Netherlands,33100,2017-Q4
NXPI,NXP SEMICONDUCTORS NV,2018-01-01 00:00:00-05:00,2018,1,1,107.40017700195312,104.43667504238746,108.41776457293804,104.25815353560937,48874500,252114595,27077152127.775726,27.077152127775726,,,,,,,,26.89392,17.263964,4.6928835,5.9449344,,,,22.96370964219765,Technology,Semiconductors,Netherlands,33100,2018-Q1
NXPI,NXP SEMICONDUCTORS NV,2018-02-01 00:00:00-05:00,2018,1,2,111.27415466308594,107.87326348627755,112.4077805152495,102.24975438623841,114725000,252114595,28053838436.851273,28.053838436851272,,,,,,,,26.89392,17.263964,4.6928835,5.9449344,,,,21.252821937851895,Technology,Semiconductors,Netherlands,33100,2018-Q1
NXPI,NXP SEMICONDUCTORS NV,2018-03-01 00:00:00-05:00,2018,1,3,104.43667602539062,111.01529644548488,112.05073345282999,103.05311049928125,78589500,252114595,26330010279.287567,26.330010279287567,,,,,,,,26.89392,17.263964,4.6928835,5.9449344,,,,13.043514165862602,Technology,Semiconductors,Netherlands,33100,2018-Q1
NXPI,NXP SEMICONDUCTORS NV,2018-04-01 00:00:00-04:00,2018,2,4,93.63597869873047,104.436695408901,104.75803963189506,89.46743873009571,141739000,252114595,23606996847.05906,23.606996847059058,,,,,,,,26.89392,17.263964,4.6928835,5.9449344,,,,-0.8037663524941285,Technology,Semiconductors,Netherlands,33100,2018-Q2
NXPI,NXP SEMICONDUCTORS NV,2018-05-01 00:00:00-04:00,2018,2,5,101.7587890625,93.64486783507624,106.32008269599133,81.07676313046301,203939400,252114595,25654875892.182617,25.654875892182616,,,,,,,,26.89392,17.263964,4.6928835,5.9449344,,,,3.7306302157047,Technology,Semiconductors,Netherlands,33100,2018-Q2
NXPI,NXP SEMICONDUCTORS NV,2018-06-01 00:00:00-04:00,2018,2,6,97.53672790527344,101.14291882813048,109.11402742809773,96.49236260317815,148277300,252114595,24590432653.46321,24.59043265346321,,,,,,,,26.89392,17.263964,4.6928835,5.9449344,,,,-0.16443855560521747,Technology,Semiconductors,Netherlands,33100,2018-Q2
NXPI,NXP SEMICONDUCTORS NV,2018-07-01 00:00:00-04:00,2018,3,7,85.10250091552734,96.93865979200895,99.51833448416838,80.5590623310514,208904800,252114595,21455582551.805305,21.455582551805307,,,,,,,,26.89392,17.263964,4.6928835,5.9449344,,,,-13.58650901056363,Technology,Semiconductors,Netherlands,33100,2018-Q3
NXPI,NXP SEMICONDUCTORS NV,2018-08-01 00:00:00-04:00,2018,3,8,83.13871765136719,85.69161420263325,86.20040788955507,77.363458812877,157751000,252114595,20960484129.49379,20.96048412949379,,,,,,,,26.89392,17.263964,4.6928835,5.9449344,,,,-17.546029259877194,Technology,Semiconductors,Netherlands,33100,2018-Q3
NXPI,NXP SEMICONDUCTORS NV,2018-09-01 00:00:00-04:00,2018,3,9,76.31910705566406,83.28155463392852,84.9239742537356,75.29259138820524,155870900,252114595,19241160766.100388,19.24116076610039,,,,,,,,26.89392,17.263964,4.6928835,5.9449344,,,,-24.396487984025107,Technology,Semiconductors,Netherlands,33100,2018-Q3
NXPI,NXP SEMICONDUCTORS NV,2018-10-01 00:00:00-04:00,2018,4,10,67.11666870117188,77.35556556306152,77.85676801251192,62.399978091425055,130993200,252114595,16921091747.345123,16.921091747345123,,,,,,,,26.89392,17.263964,4.6928835,5.9449344,,,,-35.762023084766724,Technology,Semiconductors,Netherlands,33100,2018-Q4
NXPI,NXP SEMICONDUCTORS NV,2018-11-01 00:00:00-04:00,2018,4,11,74.6168441772461,72.42406975262784,77.25711592198179,70.89360638420051,103950400,252114595,18811995449.924507,18.811995449924506,,,,,,,,26.89392,17.263964,4.6928835,5.9449344,,,,-26.278370341592495,Technology,Semiconductors,Netherlands,33100,2018-Q4
NXPI,NXP SEMICONDUCTORS NV,2018-12-01 00:00:00-05:00,2018,4,12,65.58621978759766,77.82993596739576,78.22374188046712,60.52047538281686,89700200,252114595,16535243239.33117,16.53524323933117,,,,,,,,26.89392,17.263964,4.6928835,5.9449344,,,,-37.248279157994965,Technology,Semiconductors,Netherlands,33100,2018-Q4
NXPI,NXP SEMICONDUCTORS NV,2019-01-01 00:00:00-05:00,2019,1,1,78.13754272460938,64.56246193595872,79.00843222120493,64.24821837338347,101704000,252114595,19699614938.31009,19.699614938310088,,,,,,,,26.89392,17.263964,4.6928835,5.9449344,,,,-27.246355726966442,Technology,Semiconductors,Netherlands,33100,2019-Q1
NXPI,NXP SEMICONDUCTORS NV,2019-02-01 00:00:00-05:00,2019,1,2,81.98921203613281,78.23631089205209,88.16623301186183,77.91309400118602,91235700,252114595,20670676986.85875,20.670676986858748,,,,,,,,26.89392,17.263964,4.6928835,5.9449344,,,,-26.31782979221149,Technology,Semiconductors,Netherlands,33100,2019-Q1
NXPI,NXP SEMICONDUCTORS NV,2019-03-01 00:00:00-05:00,2019,1,3,79.35857391357422,82.76132388375483,86.0563326286812,76.65612478293154,58632700,252114595,20007454721.99833,20.00745472199833,,,,,,,,26.89392,17.263964,4.6928835,5.9449344,,,,-24.0127348611894,Technology,Semiconductors,Netherlands,33100,2019-Q1
NXPI,NXP SEMICONDUCTORS NV,2019-04-01 00:00:00-04:00,2019,2,4,95.0841064453125,81.02224349123165,96.95661529717094,81.02224349123165,71340800,252114595,23972090987.39685,23.97209098739685,,,,,,,,26.89392,17.263964,4.6928835,5.9449344,,,,1.5465505532241242,Technology,Semiconductors,Netherlands,33100,2019-Q2
NXPI,NXP SEMICONDUCTORS NV,2019-05-01 00:00:00-04:00,2019,2,5,79.36579132080078,95.96634394572968,97.68581928343421,78.55556751948296,96033700,252114595,20009274335.698204,20.009274335698205,,,,,,,,26.89392,17.263964,4.6928835,5.9449344,,,,-22.005959335802917,Technology,Semiconductors,Netherlands,33100,2019-Q2
NXPI,NXP SEMICONDUCTORS NV,2019-06-01 00:00:00-04:00,2019,2,6,87.87311553955078,82.07552231067966,91.25804638761902,80.12198785080872,83665000,252114595,22154094935.64205,22.154094935642053,,,,,,,,26.89392,17.263964,4.6928835,5.9449344,,,,-9.90766511575808,Technology,Semiconductors,Netherlands,33100,2019-Q2
NXPI,NXP SEMICONDUCTORS NV,2019-07-01 00:00:00-04:00,2019,3,7,93.32538604736328,91.98946213367323,95.91600521617022,84.80433103882154,75766000,252114595,23528691906.549644,23.528691906549643,,,,,,,,26.89392,17.263964,4.6928835,5.9449344,,,,9.662330769806605,Technology,Semiconductors,Netherlands,33100,2019-Q3
NXPI,NXP SEMICONDUCTORS NV,2019-08-01 00:00:00-04:00,2019,3,8,92.19705200195312,93.28023372997731,96.17775828150992,86.65475861638308,65072400,252114595,23244222425.66635,23.24422242566635,,,,,,,,26.89392,17.263964,4.6928835,5.9449344,,,,10.895446317287494,Technology,Semiconductors,Netherlands,33100,2019-Q3
NXPI,NXP SEMICONDUCTORS NV,2019-09-01 00:00:00-04:00,2019,3,9,98.49758911132812,90.79794610168204,101.15138670749833,89.36272980736268,47601100,252114595,24832679787.2789,24.8326797872789,,,,,,,,26.89392,17.263964,4.6928835,5.9449344,,,,29.060195947376567,Technology,Semiconductors,Netherlands,33100,2019-Q3
NXPI,NXP SEMICONDUCTORS NV,2019-10-01 00:00:00-04:00,2019,4,10,102.96461486816406,101.1169027988986,107.33028526673854,92.28592996049606,75660800,252114595,25958882176.81816,25.95888217681816,,,,,,,,26.89392,17.263964,4.6928835,5.9449344,,,,53.41139073305388,Technology,Semiconductors,Netherlands,33100,2019-Q4
NXPI,NXP SEMICONDUCTORS NV,2019-11-01 00:00:00-04:00,2019,4,11,104.6855239868164,104.5858919453638,109.44971564966811,101.83243906665936,61144800,252114595,26392748482.299004,26.392748482299005,,,,,,,,26.89392,17.263964,4.6928835,5.9449344,,,,40.29744240877391,Technology,Semiconductors,Netherlands,33100,2019-Q4
NXPI,NXP SEMICONDUCTORS NV,2019-12-01 00:00:00-05:00,2019,4,12,115.26457214355469,104.83949396240087,117.29342953028866,101.05349727335283,48345700,252114595,29059880923.82057,29.05988092382057,,,,,,,,26.89392,17.263964,4.6928835,5.9449344,,,,75.7451070008935,Technology,Semiconductors,Netherlands,33100,2019-Q4
NXPI,NXP SEMICONDUCTORS NV,2020-01-01 00:00:00-05:00,2020,1,1,115.2508773803711,116.84073261011473,125.29876021436093,113.27037173121312,51254600,252114595,29056428274.14692,29.05642827414692,,,,,,,,26.89392,17.263964,4.6928835,5.9449344,,,,47.49744279336403,Technology,Semiconductors,Netherlands,33100,2020-Q1
NXPI,NXP SEMICONDUCTORS NV,2020-02-01 00:00:00-05:00,2020,1,2,103.28608703613281,116.00492939213596,126.81593984976342,99.93376136859618,63187300,252114595,26039930002.249374,26.039930002249374,,,,,,,,26.89392,17.263964,4.6928835,5.9449344,,,,25.975216093812946,Technology,Semiconductors,Netherlands,33100,2020-Q1
NXPI,NXP SEMICONDUCTORS NV,2020-03-01 00:00:00-05:00,2020,1,3,75.34097290039062,106.82918961592149,111.54424848306279,53.06482816136013,110055200,252114595,18994558869.687958,18.994558869687957,,,,,,,,26.89392,17.263964,4.6928835,5.9449344,,,,-5.06259225066088,Technology,Semiconductors,Netherlands,33100,2020-Q1
NXPI,NXP SEMICONDUCTORS NV,2020-04-01 00:00:00-04:00,2020,2,4,90.82857513427734,72.50231474042191,98.36341722465951,66.46349362261584,78727100,252114595,22899209434.405403,22.899209434405403,,,,,,,,26.89392,17.263964,4.6928835,5.9449344,,,,-4.475544305065027,Technology,Semiconductors,Netherlands,33100,2020-Q2
NXPI,NXP SEMICONDUCTORS NV,2020-05-01 00:00:00-04:00,2020,2,5,87.66320037841797,88.92205205881383,96.11024965690001,81.27774343364835,110577400,252114595,22101172259.808693,22.101172259808692,,,,,,,,26.89392,17.263964,4.6928835,5.9449344,,,,10.454641627749428,Technology,Semiconductors,Netherlands,33100,2020-Q2
NXPI,NXP SEMICONDUCTORS NV,2020-06-01 00:00:00-04:00,2020,2,6,104.0282211303711,89.12273592927059,110.99749103182401,88.11018429807557,117115200,252114595,26227032838.85395,26.22703283885395,,,,,,,,26.89392,17.263964,4.6928835,5.9449344,,,,18.38458269247216,Technology,Semiconductors,Netherlands,33100,2020-Q2
NXPI,NXP SEMICONDUCTORS NV,2020-07-01 00:00:00-04:00,2020,3,7,107.60562896728516,104.41948812703468,115.47028300737367,102.2496111692458,55204500,252114595,27128949566.807365,27.128949566807364,,,,,,,,26.89392,17.263964,4.6928835,5.9449344,,,,15.301563191685652,Technology,Semiconductors,Netherlands,33100,2020-Q3
NXPI,NXP SEMICONDUCTORS NV,2020-08-01 00:00:00-04:00,2020,3,8,115.14067840576172,108.41132251981897,117.57606121874583,107.34927094269067,33970700,252114595,29028645504.29386,29.028645504293863,,,,,,,,26.89392,17.263964,4.6928835,5.9449344,,,,24.885423021250787,Technology,Semiconductors,Netherlands,33100,2020-Q3
NXPI,NXP SEMICONDUCTORS NV,2020-09-01 00:00:00-04:00,2020,3,9,114.27088165283203,115.36039876531075,121.72352907774656,107.34925996216417,41257100,252114595,28809357048.19668,28.809357048196677,,,,,,,,26.89392,17.263964,4.6928835,5.9449344,,,,16.013886922324506,Technology,Semiconductors,Netherlands,33100,2020-Q3
NXPI,NXP SEMICONDUCTORS NV,2020-10-01 00:00:00-04:00,2020,4,10,124.08329772949219,119.04173380556554,133.29403906854088,116.29595408954852,50746900,252114595,31283210353.335342,31.283210353335342,,,,,,,,26.89392,17.263964,4.6928835,5.9449344,,,,20.510621914497996,Technology,Semiconductors,Netherlands,33100,2020-Q4
NXPI,NXP SEMICONDUCTORS NV,2020-11-01 00:00:00-04:00,2020,4,11,145.4801483154297,125.89239509098536,148.62079878006398,124.90060852124172,38529200,252114595,36677668673.08449,36.67766867308449,,,,,,,,26.89392,17.263964,4.6928835,5.9449344,,,,38.968734907178536,Technology,Semiconductors,Netherlands,33100,2020-Q4
NXPI,NXP SEMICONDUCTORS NV,2020-12-01 00:00:00-05:00,2020,4,12,146.02194213867188,147.29840536400272,153.60726827997368,140.43855929326764,40163900,252114595,36814262803.40469,36.814262803404695,,,,,,,,26.89392,17.263964,4.6928835,5.9449344,,,,26.68414884394039,Technology,Semiconductors,Netherlands,33100,2020-Q4
NXPI,NXP SEMICONDUCTORS NV,2021-01-01 00:00:00-05:00,2021,1,1,147.7152862548828,147.58641450464842,168.0402925873548,143.61899057318163,50237500,252114595,37241179569.45885,37.24117956945885,,,,,,,,26.89392,17.263964,4.6928835,5.9449344,,,,28.168470047622286,Technology,Semiconductors,Netherlands,33100,2021-Q1
NXPI,NXP SEMICONDUCTORS NV,2021-02-01 00:00:00-05:00,2021,1,2,168.04029846191406,153.2107763280933,184.2782097889496,152.89780407314953,58333800,252114595,42365411790.40459,42.365411790404586,,,,,,,,26.89392,17.263964,4.6928835,5.9449344,,,,62.69403100064012,Technology,Semiconductors,Netherlands,33100,2021-Q1
NXPI,NXP SEMICONDUCTORS NV,2021-03-01 00:00:00-05:00,2021,1,3,185.33677673339844,171.69473039099285,192.93103736646464,151.1395965919777,148482300,252114595,46726106404.74617,46.72610640474617,,,,,,,,26.89392,17.263964,4.6928835,5.9449344,,,,145.99732336670888,Technology,Semiconductors,Netherlands,33100,2021-Q1
NXPI,NXP SEMICONDUCTORS NV,2021-04-01 00:00:00-04:00,2021,2,4,177.73947143554688,189.5204566101845,199.82418367180753,176.3914992942003,53856300,252114595,44810714856.48697,44.81071485648697,,,,,,,,26.89392,17.263964,4.6928835,5.9449344,,,,95.6867331374338,Technology,Semiconductors,Netherlands,33100,2021-Q2
NXPI,NXP SEMICONDUCTORS NV,2021-05-01 00:00:00-04:00,2021,2,5,195.1986083984375,179.80763085248938,196.92512645608682,167.7773704647297,56183000,252114595,49212418100.93567,49.21241810093567,,,,,,,,26.89392,17.263964,4.6928835,5.9449344,,,,122.66881377341767,Technology,Semiconductors,Netherlands,33100,2021-Q2
NXPI,NXP SEMICONDUCTORS NV,2021-06-01 00:00:00-04:00,2021,2,6,189.9359130859375,196.51886068310046,197.85760505750252,177.9241243865593,63450200,252114595,47885615803.61633,47.88561580361633,,,,,,,,26.89392,17.263964,4.6928835,5.9449344,,,,82.58114098471843,Technology,Semiconductors,Netherlands,33100,2021-Q2
NXPI,NXP SEMICONDUCTORS NV,2021-07-01 00:00:00-04:00,2021,3,7,191.08941650390625,190.30242502744952,193.27446006664954,171.2110792892394,40751100,252114595,48176430850.66864,48.17643085066864,,,,,,,,26.89392,17.263964,4.6928835,5.9449344,,,,77.58310446937891,Technology,Semiconductors,Netherlands,33100,2021-Q3
NXPI,NXP SEMICONDUCTORS NV,2021-08-01 00:00:00-04:00,2021,3,8,199.18153381347656,194.61700762079028,211.76404789176655,184.81209121775683,44108800,252114595,50216571728.86345,50.21657172886345,,,,,,,,26.89392,17.263964,4.6928835,5.9449344,,,,72.98971707596729,Technology,Semiconductors,Netherlands,33100,2021-Q3
NXPI,NXP SEMICONDUCTORS NV,2021-09-01 00:00:00-04:00,2021,3,9,181.34934997558594,199.47780605921488,201.96838759974077,181.20122216801434,41022900,252114595,45720817922.60811,45.720817922608106,,,,,,,,26.89392,17.263964,4.6928835,5.9449344,,,,58.701278359386365,Technology,Semiconductors,Netherlands,33100,2021-Q3
NXPI,NXP SEMICONDUCTORS NV,2021-10-01 00:00:00-04:00,2021,4,10,186.4581756591797,182.2529814664118,188.84389720912722,169.26607071369503,45582900,252114595,47008827440.752945,47.008827440752945,,,,,,,,26.89392,17.263964,4.6928835,5.9449344,,,,50.26855271502202,Technology,Semiconductors,Netherlands,33100,2021-Q4
NXPI,NXP SEMICONDUCTORS NV,2021-11-01 00:00:00-04:00,2021,4,11,207.34490966796875,188.091979180226,211.48513032824067,187.52571610221233,55509800,252114595,52274677926.251526,52.27467792625153,,,,,,,,26.89392,17.263964,4.6928835,5.9449344,,,,42.52453827473701,Technology,Semiconductors,Netherlands,33100,2021-Q4
NXPI,NXP SEMICONDUCTORS NV,2021-12-01 00:00:00-05:00,2021,4,12,211.44801330566406,211.0395593475308,222.70828834124296,199.0737819436365,45324500,252114595,53309130238.11211,53.309130238112104,,,,,,,,26.89392,17.263964,4.6928835,5.9449344,,,,44.805643733226994,Technology,Semiconductors,Netherlands,33100,2021-Q4
NXPI,NXP SEMICONDUCTORS NV,2022-01-01 00:00:00-05:00,2022,1,1,191.19515991210938,212.55384509686579,218.61244822171946,167.63079663426865,55158100,252114595,48203090307.20169,48.20309030720169,,,,,,,,26.89392,17.263964,4.6928835,5.9449344,,,,29.434918185922896,Technology,Semiconductors,Netherlands,33100,2022-Q1
NXPI,NXP SEMICONDUCTORS NV,2022-02-01 00:00:00-05:00,2022,1,2,176.93740844726562,194.49900543363364,197.14208141160407,165.94629538470693,53449000,252114595,44608503071.03195,44.608503071031954,,,,,,,,26.89392,17.263964,4.6928835,5.9449344,,,,5.294628768686738,Technology,Semiconductors,Netherlands,33100,2022-Q1
NXPI,NXP SEMICONDUCTORS NV,2022-03-01 00:00:00-05:00,2022,1,3,172.24684143066406,176.46273711738934,182.73540107858042,157.03983510720707,58091000,252114595,43425942667.32109,43.42594266732109,,,,,,,,26.89392,17.263964,4.6928835,5.9449344,,,,-7.062783508727932,Technology,Semiconductors,Netherlands,33100,2022-Q1
NXPI,NXP SEMICONDUCTORS NV,2022-04-01 00:00:00-04:00,2022,2,4,159.8063507080078,174.97346186150517,174.97346186150517,154.0555717930069,59918500,252114595,40289513387.17735,40.28951338717735,,,,,,,,26.89392,17.263964,4.6928835,5.9449344,,,,-10.089554437570214,Technology,Semiconductors,Netherlands,33100,2022-Q2
NXPI,NXP SEMICONDUCTORS NV,2022-05-01 00:00:00-04:00,2022,2,5,177.44204711914062,161.07802986326377,185.40898980112323,157.74912349299476,61484600,252114595,44735729845.413055,44.735729845413054,,,,,,,,26.89392,17.263964,4.6928835,5.9449344,,,,-9.096663867117517,Technology,Semiconductors,Netherlands,33100,2022-Q2
NXPI,NXP SEMICONDUCTORS NV,2022-06-01 00:00:00-04:00,2022,2,6,138.42091369628906,178.6764078947107,182.07077793284094,135.87747616788585,82622600,252114595,34897932596.06987,34.89793259606987,,,,,,,,26.89392,17.263964,4.6928835,5.9449344,,,,-27.12230591501682,Technology,Semiconductors,Netherlands,33100,2022-Q2
NXPI,NXP SEMICONDUCTORS NV,2022-07-01 00:00:00-04:00,2022,3,7,172.8102569580078,137.8403273795818,174.11657708699468,131.8820047388904,50200400,252114595,43567987944.81407,43.56798794481407,,,,,,,,26.89392,17.263964,4.6928835,5.9449344,,,,-9.565762395598066,Technology,Semiconductors,Netherlands,33100,2022-Q3
NXPI,NXP SEMICONDUCTORS NV,2022-08-01 00:00:00-04:00,2022,3,8,154.6721649169922,171.8141086910697,177.74423976501694,153.40343017183,42989600,252114595,38995110215.820694,38.995110215820695,,,,,,,,26.89392,17.263964,4.6928835,5.9449344,,,,-22.346132216335445,Technology,Semiconductors,Netherlands,33100,2022-Q3
NXPI,NXP SEMICONDUCTORS NV,2022-09-01 00:00:00-04:00,2022,3,9,138.62979125976562,152.10652428356218,159.67189726804293,138.10350593982255,44206300,252114595,34950593678.39035,34.95059367839035,,,,,,,,26.89392,17.263964,4.6928835,5.9449344,,,,-23.55649949755618,Technology,Semiconductors,Netherlands,33100,2022-Q3
NXPI,NXP SEMICONDUCTORS NV,2022-10-01 00:00:00-04:00,2022,4,10,138.0361328125,141.28671213838504,154.77092677443238,124.80704029366233,50685200,252114595,34800923719.38965,34.80092371938965,,,,,,,,26.89392,17.263964,4.6928835,5.9449344,,,,-25.9693857217549,Technology,Semiconductors,Netherlands,33100,2022-Q4
NXPI,NXP SEMICONDUCTORS NV,2022-11-01 00:00:00-04:00,2022,4,11,166.1574249267578,142.1938643869819,169.17177093570345,134.8989624876519,49341200,252114595,41890711891.65245,41.89071189165245,,,,,,,,26.89392,17.263964,4.6928835,5.9449344,,,,-19.86423723021048,Technology,Semiconductors,Netherlands,33100,2022-Q4
NXPI,NXP SEMICONDUCTORS NV,2022-12-01 00:00:00-05:00,2022,4,12,149.328125,167.7732661789826,170.63641899781288,142.59073166572426,40164000,252114595,37647799756.484375,37.647799756484375,,,,,,,,26.89392,17.263964,4.6928835,5.9449344,,,,-29.378326773808496,Technology,Semiconductors,Netherlands,33100,2022-Q4
NXPI,NXP SEMICONDUCTORS NV,2023-01-01 00:00:00-05:00,2023,1,1,175.0094451904297,151.71726606964225,175.80705408307534,145.37435560601992,44792300,252114595,44122435395.35988,44.12243539535988,,,,,,,,26.89392,17.263964,4.6928835,5.9449344,,,,-8.465546266505964,Technology,Semiconductors,Netherlands,33100,2023-Q1
NXPI,NXP SEMICONDUCTORS NV,2023-02-01 00:00:00-05:00,2023,1,2,169.47361755371094,174.78154847109346,187.73325227728898,166.5205524111326,39557500,252114595,42726772452.73872,42.72677245273872,,,,,,,,26.89392,17.263964,4.6928835,5.9449344,,,,-4.218322715955902,Technology,Semiconductors,Netherlands,33100,2023-Q1
NXPI,NXP SEMICONDUCTORS NV,2023-03-01 00:00:00-05:00,2023,1,3,177.0699462890625,170.2237813976787,177.39280041036835,161.33609991273224,43782000,252114595,44641917795.338745,44.64191779533874,,,,,,,,26.89392,17.263964,4.6928835,5.9449344,,,,2.800112221703599,Technology,Semiconductors,Netherlands,33100,2023-Q1
NXPI,NXP SEMICONDUCTORS NV,2023-04-01 00:00:00-04:00,2023,2,4,156.38392639160156,177.19499633061136,177.64388257610176,148.33263961931976,36397300,252114595,39426670266.72844,39.426670266728436,,,,,,,,26.89392,17.263964,4.6928835,5.9449344,,,,-2.1416072022441557,Technology,Semiconductors,Netherlands,33100,2023-Q2
NXPI,NXP SEMICONDUCTORS NV,2023-05-01 00:00:00-04:00,2023,2,5,171.0538787841797,156.851908568156,178.19783321679503,153.98668456556192,54315200,252114595,43125179372.852554,43.12517937285256,,,,,,,,26.89392,17.263964,4.6928835,5.9449344,,,,-3.600143505260456,Technology,Semiconductors,Netherlands,33100,2023-Q2
NXPI,NXP SEMICONDUCTORS NV,2023-06-01 00:00:00-04:00,2023,2,6,195.48464965820312,172.08532345140344,196.72624947362826,166.8133224885929,46775900,252114595,49284533277.29477,49.28453327729477,,,,,,,,26.89392,17.263964,4.6928835,5.9449344,,,,41.22479359377606,Technology,Semiconductors,Netherlands,33100,2023-Q2
NXPI,NXP SEMICONDUCTORS NV,2023-07-01 00:00:00-04:00,2023,3,7,214.109130859375,197.36294807857726,216.5961034242072,192.0721589607045,52780400,252114595,53980036812.41333,53.98003681241333,,,,,,,,26.89392,17.263964,4.6928835,5.9449344,,,,23.89839273915475,Technology,Semiconductors,Netherlands,33100,2023-Q3
NXPI,NXP SEMICONDUCTORS NV,2023-08-01 00:00:00-04:00,2023,3,8,197.53579711914062,212.60160073898106,215.3958350847105,184.7457025789431,49466900,252114595,49801657488.694305,49.8016574886943,,,,,,,,26.89392,17.263964,4.6928835,5.9449344,,,,27.712570148062543,Technology,Semiconductors,Netherlands,33100,2023-Q3
NXPI,NXP SEMICONDUCTORS NV,2023-09-01 00:00:00-04:00,2023,3,9,191.96653747558594,199.1681633472019,202.19285500432784,185.36024132079837,30921300,252114595,48397565849.20967,48.39756584920967,,,,,,,,26.89392,17.263964,4.6928835,5.9449344,,,,38.474231066162034,Technology,Semiconductors,Netherlands,33100,2023-Q3
NXPI,NXP SEMICONDUCTORS NV,2023-10-01 00:00:00-04:00,2023,4,10,166.39930725097656,193.75778069855184,198.9303169527541,161.3618886763812,45694400,252114595,41951693955.86052,41.95169395586052,,,,,,,,26.89392,17.263964,4.6928835,5.9449344,,,,20.547644924972943,Technology,Semiconductors,Netherlands,33100,2023-Q4
NXPI,NXP SEMICONDUCTORS NV,2023-11-01 00:00:00-04:00,2023,4,11,196.94235229492188,165.5693871154548,200.53224735750499,161.64172732959904,50939100,252114595,49652041387.18155,49.65204138718155,,,,,,,,26.89392,17.263964,4.6928835,5.9449344,,,,18.52756648204801,Technology,Semiconductors,Netherlands,33100,2023-Q4
NXPI,NXP SEMICONDUCTORS NV,2023-12-01 00:00:00-05:00,2023,4,12,221.64700317382812,196.86516061191415,229.93658166715437,195.3500638273837,40512800,252114595,55880444438.13339,55.880444438133395,,,,,,,,26.89392,17.263964,4.6928835,5.9449344,,,,48.42950929292664,Technology,Semiconductors,Netherlands,33100,2023-Q4
NXPI,NXP SEMICONDUCTORS NV,2024-01-01 00:00:00-05:00,2024,1,1,204.1439666748047,220.32461951566748,220.32461951566748,195.42831241271872,49000600,252114595,51467673479.91188,51.46767347991188,,,,,,,,26.89392,17.263964,4.6928835,5.9449344,,,,16.647399489023805,Technology,Semiconductors,Netherlands,33100,2024-Q1
NXPI,NXP SEMICONDUCTORS NV,2024-02-01 00:00:00-05:00,2024,1,2,242.10888671875,205.22977494660046,245.11428871043685,203.0484390861237,48959500,252114595,61039183920.998535,61.03918392099853,,,,,,,,26.89392,17.263964,4.6928835,5.9449344,,,,42.85933717206392,Technology,Semiconductors,Netherlands,33100,2024-Q1
NXPI,NXP SEMICONDUCTORS NV,2024-03-01 00:00:00-05:00,2024,1,3,240.2086944580078,244.19326831202656,256.1954669599873,225.88943311785945,49497700,252114595,60560117718.759384,60.560117718759386,,,,,,,,26.89392,17.263964,4.6928835,5.9449344,,,,35.65751811200801,Technology,Semiconductors,Netherlands,33100,2024-Q1
NXPI,NXP SEMICONDUCTORS NV,2024-04-01 00:00:00-04:00,2024,2,4,249.4417724609375,241.8374958874331,254.2711141532573,207.40890327096977,50659500,252114595,62887911440.07141,62.88791144007141,3127000000.0,3127.0,1792000000.0,658000000.0,900000000.0,1131000000.0,5.027815113533052,26.89392,17.263964,4.6928835,5.9449344,,,,59.50601715697395,Technology,Semiconductors,Netherlands,33100,2024-Q2
NXPI,NXP SEMICONDUCTORS NV,2024-05-01 00:00:00-04:00,2024,2,5,264.9327087402344,246.67659636444264,274.7861363723324,238.7412639376478,41124300,252114595,66793402566.29715,66.79340256629715,3127000000.0,3127.0,1792000000.0,658000000.0,900000000.0,1131000000.0,5.340054570378729,26.89392,17.263964,4.6928835,5.9449344,,0.0,,54.882608113495344,Technology,Semiconductors,Netherlands,33100,2024-Q2
NXPI,NXP SEMICONDUCTORS NV,2024-06-01 00:00:00-04:00,2024,2,6,262.0019836425781,268.3599778327861,279.31364521579,256.3255628639135,33356900,252114595,66054523995.24521,66.0545239952452,3127000000.0,3127.0,1792000000.0,658000000.0,900000000.0,1131000000.0,5.2809820910813245,26.89392,17.263964,4.6928835,5.9449344,,0.0,,34.02688349222194,Technology,Semiconductors,Netherlands,33100,2024-Q2
NXPI,NXP SEMICONDUCTORS NV,2024-07-01 00:00:00-04:00,2024,3,7,257.14959716796875,262.97346622280315,289.31770868309246,239.81476207584748,53569700,252114595,64831166544.41559,64.8311665444156,3250000000.0,3250.0,1866000000.0,718000000.0,995000000.0,1222000000.0,4.987012811108891,26.89392,17.263964,4.6928835,5.9449344,,3.9334825711544674,,20.102116213279263,Technology,Semiconductors,Netherlands,33100,2024-Q3
NXPI,NXP SEMICONDUCTORS NV,2024-08-01 00:00:00-04:00,2024,3,8,250.5048828125,252.117221695714,254.65781545716806,223.08577304740206,51246300,252114595,63155937075.7959,63.1559370757959,3250000000.0,3250.0,1866000000.0,718000000.0,995000000.0,1222000000.0,4.8581490058304535,26.89392,17.263964,4.6928835,5.9449344,,0.0,3.9334825711544674,26.814929985278525,Technology,Semiconductors,Netherlands,33100,2024-Q3
NXPI,NXP SEMICONDUCTORS NV,2024-09-01 00:00:00-04:00,2024,3,9,234.52833557128906,245.50186103002076,246.4790217355705,215.07307725561344,54664400,252114595,59128016338.579636,59.128016338579634,3250000000.0,3250.0,1866000000.0,718000000.0,995000000.0,1222000000.0,4.548308949121511,26.89392,17.263964,4.6928835,5.9449344,,0.0,3.9334825711544674,22.17146730643933,Technology,Semiconductors,Netherlands,33100,2024-Q3
NXPI,NXP SEMICONDUCTORS NV,2024-10-01 00:00:00-04:00,2024,4,10,230.15504455566406,234.38518391657215,251.86518724976793,223.11789637639907,45766000,252114595,58025445845.3582,58.0254458453582,3111000000.0,3111.0,1678000000.0,495000000.0,715000000.0,943000000.0,4.6629255742010765,26.89392,17.263964,4.6928835,5.9449344,,-4.276923076923078,-0.5116725295810642,38.3149054872723,Technology,Semiconductors,Netherlands,33100,2024-Q4
NXPI,NXP SEMICONDUCTORS NV,2024-11-01 00:00:00-04:00,2024,4,11,225.12008666992188,230.15503966473636,235.71998061771117,212.0370713174383,51879200,252114595,56756059477.15225,56.75605947715225,3111000000.0,3111.0,1678000000.0,495000000.0,715000000.0,943000000.0,4.560917669330782,26.89392,17.263964,4.6928835,5.9449344,,0.0,-4.276923076923078,14.307605269588608,Technology,Semiconductors,Netherlands,33100,2024-Q4
NXPI,NXP SEMICONDUCTORS NV,2024-12-01 00:00:00-05:00,2024,4,12,203.9988250732422,224.76674735413437,231.69594763056276,200.9268149706817,49805700,252114595,51431081163.8163,51.4310811638163,3111000000.0,3111.0,1678000000.0,495000000.0,715000000.0,943000000.0,4.133002343604653,26.89392,17.263964,4.6928835,5.9449344,,0.0,-4.276923076923078,-7.96229042029738,Technology,Semiconductors,Netherlands,33100,2024-Q4
NXPI,NXP SEMICONDUCTORS NV,2025-01-01 00:00:00-05:00,2025,1,1,205.61807250976562,206.66316793855358,216.81836689974244,199.40663896695915,48340400,252114595,51839317075.480194,51.839317075480196,2835000000.0,2835.0,1560000000.0,490000000.0,705000000.0,946000000.0,4.571368348807777,26.89392,17.263964,4.6928835,5.9449344,,-8.871745419479272,-12.769230769230766,0.722091305940542,Technology,Semiconductors,Netherlands,33100,2025-Q1
NXPI,NXP SEMICONDUCTORS NV,2025-02-01 00:00:00-05:00,2025,1,2,212.55908203125,200.14608462962383,251.85870299428586,195.42343240488654,66669800,252114595,53589246879.88037,53.58924687988037,2835000000.0,2835.0,1560000000.0,490000000.0,705000000.0,946000000.0,4.725683146373931,26.89392,17.263964,4.6928835,5.9449344,,0.0,-8.871745419479272,-12.205171436696183,Technology,Semiconductors,Netherlands,33100,2025-Q1
NXPI,NXP SEMICONDUCTORS NV,2025-03-01 00:00:00-05:00,2025,1,3,187.38800048828125,216.9070853255824,220.65366526278743,180.97938205820722,62951300,252114595,47243249850.96283,47.24324985096283,2835000000.0,2835.0,1560000000.0,490000000.0,705000000.0,946000000.0,4.166071415428821,26.89392,17.263964,4.6928835,5.9449344,,0.0,-8.871745419479272,-21.989501291328338,Technology,Semiconductors,Netherlands,33100,2025-Q1
NXPI,NXP SEMICONDUCTORS NV,2025-04-01 00:00:00-04:00,2025,2,4,182.61294555664062,186.81391079205534,196.3255087991845,146.726443475412,90797300,252114595,46039388810.7695,46.0393888107695,2926000000.0,2926.0,1562000000.0,445000000.0,686000000.0,923000000.0,3.93364566052371,26.89392,17.263964,4.6928835,5.9449344,,3.2098765432098775,-5.946640951462556,-26.79135344693009,Technology,Semiconductors,Netherlands,33100,2025-Q2
NXPI,NXP SEMICONDUCTORS NV,2025-05-01 00:00:00-04:00,2025,2,5,189.37014770507812,184.3963658483837,211.45490265251942,178.9668279744976,61118500,252114595,47742978093.75595,47.74297809375595,2926000000.0,2926.0,1562000000.0,445000000.0,686000000.0,923000000.0,4.079201819357139,26.89392,17.263964,4.6928835,5.9449344,,0.0,3.2098765432098775,-28.521416398322142,Technology,Semiconductors,Netherlands,33100,2025-Q2
NXPI,NXP SEMICONDUCTORS NV,2025-06-01 00:00:00-04:00,2025,2,6,216.4782257080078,188.6072321014862,220.1738769355024,188.05239080514608,47334000,252114595,54577320200.69298,54.57732020069298,2926000000.0,2926.0,1562000000.0,445000000.0,686000000.0,923000000.0,4.66313398843925,26.89392,17.263964,4.6928835,5.9449344,,0.0,3.2098765432098775,-17.375348576243454,Technology,Semiconductors,Netherlands,33100,2025-Q2
NXPI,NXP SEMICONDUCTORS NV,2025-07-01 00:00:00-04:00,2025,3,7,212.7891387939453,215.5961915656884,235.37503008945924,211.21638666687667,60252700,252114595,53647247547.43431,53.64724754743431,,,,,,,,26.89392,17.263964,4.6928835,5.9449344,,0.0,3.2098765432098775,-17.250837202380453,Technology,Semiconductors,Netherlands,33100,2025-Q3
NXPI,NXP SEMICONDUCTORS NV,2025-08-01 00:00:00-04:00,2025,3,8,233.7724151611328,210.2508347133572,240.31226133021488,202.30745457403515,54173500,252114595,58937437770.52086,58.93743777052086,,,,,,,,26.89392,17.263964,4.6928835,5.9449344,,0.0,0.0,-6.679497606396456,Technology,Semiconductors,Netherlands,33100,2025-Q3
NXPI,NXP SEMICONDUCTORS NV,2025-09-01 00:00:00-04:00,2025,3,9,226.68507385253906,226.89411696647065,233.0358045651073,214.66050019695587,47337100,252114595,57150615586.877975,57.150615586877976,,,,,,,,26.89392,17.263964,4.6928835,5.9449344,,0.0,0.0,-3.3442704053838757,Technology,Semiconductors,Netherlands,33100,2025-Q3
NXPI,NXP SEMICONDUCTORS NV,2025-10-01 00:00:00-04:00,2025,4,10,225.63999938964844,225.85000610351562,234.0,219.16000366210938,15094771,252114595,56887137061.92146,56.887137061921464,,,,,,,,26.89392,17.263964,4.6928835,5.9449344,,0.0,0.0,-1.961740692989089,Technology,Semiconductors,Netherlands,33100,2025-Q4
