ticker,company_name,date,year,quarter,month,close_price,open_price,high_price,low_price,volume,shares_outstanding,market_cap,market_cap_billions,revenue,revenue_millions,gross_profit,net_income,operating_income,ebitda,ps_ratio,current_pe,forward_pe,current_ps,current_pb,peg_ratio,revenue_qoq_pct,revenue_yoy_pct,market_cap_yoy_pct,sector,industry,country,employees,year_quarter
ORCL,ORACLE CORP,2015-01-01 00:00:00-05:00,2015,1,1,35.51444625854492,38.16806899290657,38.43088893256356,35.45510034218849,314380300,2850792605,101244320764.52979,101.24432076452979,,,,,,,,65.737816,39.571228,13.685911,33.3251,,,,,Technology,Software - Infrastructure,United States,162000,2015-Q1
ORCL,ORACLE CORP,2015-02-01 00:00:00-05:00,2015,1,2,37.251556396484375,35.8828884605517,37.71911294007341,35.33032281554261,215892600,2850792605,106196461499.8381,106.19646149983811,,,,,,,,65.737816,39.571228,13.685911,33.3251,,,,,Technology,Software - Infrastructure,United States,162000,2015-Q1
ORCL,ORACLE CORP,2015-03-01 00:00:00-05:00,2015,1,3,36.6819953918457,37.243064001469506,38.20367935666982,35.075295823346195,345114300,2850792605,104572761199.7178,104.5727611997178,,,,,,,,65.737816,39.571228,13.685911,33.3251,,,,,Technology,Software - Infrastructure,United States,162000,2015-Q1
ORCL,ORACLE CORP,2015-04-01 00:00:00-04:00,2015,2,4,37.08152389526367,36.54596087878931,38.16965887778194,35.88287776242501,278212900,2850792605,105711734102.74847,105.71173410274848,,,,,,,,65.737816,39.571228,13.685911,33.3251,,,,,Technology,Software - Infrastructure,United States,162000,2015-Q2
ORCL,ORACLE CORP,2015-05-01 00:00:00-04:00,2015,2,5,37.10062789916992,37.05797109196156,38.26081950901794,36.68261527003345,182137100,2850792605,105766195655.8103,105.76619565581031,,,,,,,,65.737816,39.571228,13.685911,33.3251,,,,,Technology,Software - Infrastructure,United States,162000,2015-Q2
ORCL,ORACLE CORP,2015-06-01 00:00:00-04:00,2015,2,6,34.37928771972656,37.39920613925572,38.59352515110287,34.21720291631113,434762400,2850792605,98008219196.5638,98.0082191965638,,,,,,,,65.737816,39.571228,13.685911,33.3251,,,,,Technology,Software - Infrastructure,United States,162000,2015-Q2
ORCL,ORACLE CORP,2015-07-01 00:00:00-04:00,2015,3,7,34.072181701660156,34.6437498066194,34.99351419768116,32.79255540446963,301140700,2850792605,97132723631.30908,97.13272363130908,,,,,,,,65.737816,39.571228,13.685911,33.3251,,,,,Technology,Software - Infrastructure,United States,162000,2015-Q3
ORCL,ORACLE CORP,2015-08-01 00:00:00-04:00,2015,3,8,31.75892448425293,34.207847186744075,34.29347252983081,30.089204162881927,302328700,2850792605,90538107062.46169,90.53810706246169,,,,,,,,65.737816,39.571228,13.685911,33.3251,,,,,Technology,Software - Infrastructure,United States,162000,2015-Q3
ORCL,ORACLE CORP,2015-09-01 00:00:00-04:00,2015,3,9,30.928346633911133,31.10816509049254,32.98338764468962,30.174834427503644,392290700,2850792605,88170301868.8305,88.1703018688305,,,,,,,,65.737816,39.571228,13.685911,33.3251,,,,,Technology,Software - Infrastructure,United States,162000,2015-Q3
ORCL,ORACLE CORP,2015-10-01 00:00:00-04:00,2015,4,10,33.257389068603516,31.02253311013949,33.42864301198569,30.517335773680585,317458000,2850792605,94809918818.38274,94.80991881838274,,,,,,,,65.737816,39.571228,13.685911,33.3251,,,,,Technology,Software - Infrastructure,United States,162000,2015-Q4
ORCL,ORACLE CORP,2015-11-01 00:00:00-04:00,2015,4,11,33.50131607055664,33.57008791420708,34.93696233031004,31.996894687774446,294568100,2850792605,95505304111.71053,95.50530411171053,,,,,,,,65.737816,39.571228,13.685911,33.3251,,,,,Technology,Software - Infrastructure,United States,162000,2015-Q4
ORCL,ORACLE CORP,2015-12-01 00:00:00-05:00,2015,4,12,31.403736114501953,33.60449193892197,33.86239221787135,31.03407784556851,372973000,2850792605,89525538684.5936,89.5255386845936,,,,,,,,65.737816,39.571228,13.685911,33.3251,,,,,Technology,Software - Infrastructure,United States,162000,2015-Q4
ORCL,ORACLE CORP,2016-01-01 00:00:00-05:00,2016,1,1,31.2146053314209,30.956701819863053,31.2146053314209,28.480855655694484,391896800,2850792605,88986366046.80827,88.98636604680827,,,,,,,,65.737816,39.571228,13.685911,33.3251,,,,-12.107301056649488,Technology,Software - Infrastructure,United States,162000,2016-Q1
ORCL,ORACLE CORP,2016-02-01 00:00:00-05:00,2016,1,2,31.749027252197266,30.989400887110147,32.500026214336096,29.755003927716224,305532100,2850792605,90509892106.50743,90.50989210650744,,,,,,,,65.737816,39.571228,13.685911,33.3251,,,,-14.771273140164453,Technology,Software - Infrastructure,United States,162000,2016-Q1
ORCL,ORACLE CORP,2016-03-01 00:00:00-05:00,2016,1,3,35.3140869140625,32.068403511016676,36.25499036721334,31.973449437952784,360720500,2850792605,100673137826.93665,100.67313782693664,,,,,,,,65.737816,39.571228,13.685911,33.3251,,,,-3.729100511493122,Technology,Software - Infrastructure,United States,162000,2016-Q1
ORCL,ORACLE CORP,2016-04-01 00:00:00-04:00,2016,2,4,34.4077262878418,35.11556182782165,35.81476667273416,33.98474978570672,218455900,2850792605,98089291656.2435,98.0892916562435,,,,,,,,65.737816,39.571228,13.685911,33.3251,,,,-7.210592571583585,Technology,Software - Infrastructure,United States,162000,2016-Q2
ORCL,ORACLE CORP,2016-05-01 00:00:00-04:00,2016,2,5,34.830570220947266,34.57064125840105,35.02984920240523,33.409622140863604,206836000,2850792605,99294732013.80968,99.29473201380968,,,,,,,,65.737816,39.571228,13.685911,33.3251,,,,-6.1186502945235866,Technology,Software - Infrastructure,United States,162000,2016-Q2
ORCL,ORACLE CORP,2016-06-01 00:00:00-04:00,2016,2,6,35.46306610107422,34.70927109987086,35.66234508736126,32.993735939282445,433566700,2850792605,101097846591.56857,101.09784659156857,,,,,,,,65.737816,39.571228,13.685911,33.3251,,,,3.1524166241693186,Technology,Software - Infrastructure,United States,162000,2016-Q2
ORCL,ORACLE CORP,2016-07-01 00:00:00-04:00,2016,3,7,35.55836868286133,35.33309452077142,36.3121635679377,34.6746076807965,233266600,2850792605,101369534486.96466,101.36953448696467,,,,,,,,65.737816,39.571228,13.685911,33.3251,,,,4.361877951386828,Technology,Software - Infrastructure,United States,162000,2016-Q3
ORCL,ORACLE CORP,2016-08-01 00:00:00-04:00,2016,3,8,35.845703125,35.57611998899197,36.21094158281683,35.289147388897874,222835900,2850792605,102188665389.77539,102.1886653897754,,,,,,,,65.737816,39.571228,13.685911,33.3251,,,,12.868126698602222,Technology,Software - Infrastructure,United States,162000,2016-Q3
ORCL,ORACLE CORP,2016-09-01 00:00:00-04:00,2016,3,9,34.15863037109375,35.636983209598235,36.01961434301524,33.662947848379446,295522300,2850792605,97379170858.84247,97.37917085884247,,,,,,,,65.737816,39.571228,13.685911,33.3251,,,,10.444411320845703,Technology,Software - Infrastructure,United States,162000,2016-Q3
ORCL,ORACLE CORP,2016-10-01 00:00:00-04:00,2016,4,10,33.4107666015625,34.0890718035033,34.210817955372875,32.715071935640765,218446600,2850792605,95247166355.11536,95.24716635511535,,,,,,,,65.737816,39.571228,13.685911,33.3251,,,,0.46118332573430454,Technology,Software - Infrastructure,United States,162000,2016-Q4
ORCL,ORACLE CORP,2016-11-01 00:00:00-04:00,2016,4,11,35.085384368896484,33.67987657246967,35.56553040359091,33.15608180648976,262307700,2850792605,100021154302.4327,100.02115430243269,,,,,,,,65.737816,39.571228,13.685911,33.3251,,,,4.72837632707821,Technology,Software - Infrastructure,United States,162000,2016-Q4
ORCL,ORACLE CORP,2016-12-01 00:00:00-05:00,2016,4,12,33.56639099121094,35.01555101248438,35.91472763303917,32.85926947600123,308408300,2850792605,95690819214.28276,95.69081921428275,,,,,,,,65.737816,39.571228,13.685911,33.3251,,,,6.886616512199928,Technology,Software - Infrastructure,United States,162000,2016-Q4
ORCL,ORACLE CORP,2017-01-01 00:00:00-05:00,2017,1,1,35.015533447265625,33.56637415294955,35.25996891155064,33.435424679834895,244705900,2850792605,99822023811.595,99.822023811595,,,,,,,,65.737816,39.571228,13.685911,33.3251,,,,12.176761728967556,Technology,Software - Infrastructure,United States,162000,2017-Q1
ORCL,ORACLE CORP,2017-02-01 00:00:00-05:00,2017,1,2,37.326175689697266,35.249091956450314,37.913366797380526,34.77583135599581,224207000,2850792605,106409185629.11974,106.40918562911973,,,,,,,,65.737816,39.571228,13.685911,33.3251,,,,17.566360043720785,Technology,Software - Infrastructure,United States,162000,2017-Q1
ORCL,ORACLE CORP,2017-03-01 00:00:00-05:00,2017,1,3,39.09651184082031,37.466394492880426,41.18236117208305,37.028191048519254,359649800,2850792605,111456046837.10548,111.45604683710549,,,,,,,,65.737816,39.571228,13.685911,33.3251,,,,10.710810493167822,Technology,Software - Infrastructure,United States,162000,2017-Q1
ORCL,ORACLE CORP,2017-04-01 00:00:00-04:00,2017,2,4,39.403255462646484,39.1578625877682,39.48213222146125,38.3515664595254,216228100,2850792605,112330509285.83846,112.33050928583846,,,,,,,,65.737816,39.571228,13.685911,33.3251,,,,14.518626232416555,Technology,Software - Infrastructure,United States,162000,2017-Q2
ORCL,ORACLE CORP,2017-05-01 00:00:00-04:00,2017,2,5,39.95149612426758,39.61702572540951,40.29476687362916,38.37596813130102,218152500,2850792605,113893429709.74817,113.89342970974818,,,,,,,,65.737816,39.571228,13.685911,33.3251,,,,14.702388938325694,Technology,Software - Infrastructure,United States,162000,2017-Q2
ORCL,ORACLE CORP,2017-06-01 00:00:00-04:00,2017,2,6,44.13236999511719,40.0659259440413,45.63748194577347,38.499201459098344,389250600,2850792605,125812234023.20396,125.81223402320397,,,,,,,,65.737816,39.571228,13.685911,33.3251,,,,24.44600776857351,Technology,Software - Infrastructure,United States,162000,2017-Q2
ORCL,ORACLE CORP,2017-07-01 00:00:00-04:00,2017,3,7,43.94752502441406,44.05314601439355,45.20618662690794,42.92651316759708,220653800,2850792605,125285279347.65205,125.28527934765205,,,,,,,,65.737816,39.571228,13.685911,33.3251,,,,23.592635580034926,Technology,Software - Infrastructure,United States,162000,2017-Q3
ORCL,ORACLE CORP,2017-08-01 00:00:00-04:00,2017,3,8,44.46670913696289,44.307678321870064,44.63457349942905,42.390474993382824,216932100,2850792605,126765365576.33974,126.76536557633973,,,,,,,,65.737816,39.571228,13.685911,33.3251,,,,24.050319174658096,Technology,Software - Infrastructure,United States,162000,2017-Q3
ORCL,ORACLE CORP,2017-09-01 00:00:00-04:00,2017,3,9,42.71736526489258,44.48437112272137,46.949345103263624,42.090078994234446,405925500,2850792605,121778349002.23962,121.77834900223962,,,,,,,,65.737816,39.571228,13.685911,33.3251,,,,25.055849139201825,Technology,Software - Infrastructure,United States,162000,2017-Q3
ORCL,ORACLE CORP,2017-10-01 00:00:00-04:00,2017,4,10,44.97029495239258,43.044258532330446,45.30602359787438,42.40813542249832,314059300,2850792605,128200984294.94958,128.2009842949496,,,,,,,,65.737816,39.571228,13.685911,33.3251,,,,34.59821347017365,Technology,Software - Infrastructure,United States,162000,2017-Q4
ORCL,ORACLE CORP,2017-11-01 00:00:00-04:00,2017,4,11,43.51561737060547,45.32506969005026,45.38715855777883,42.75280741440927,246059100,2850792605,124054000202.13162,124.05400020213162,,,,,,,,65.737816,39.571228,13.685911,33.3251,,,,24.027762994047364,Technology,Software - Infrastructure,United States,162000,2017-Q4
ORCL,ORACLE CORP,2017-12-01 00:00:00-05:00,2017,4,12,41.93678283691406,43.50675167648554,44.97915131497105,41.688427331306144,364528300,2850792605,119553070388.96553,119.55307038896554,,,,,,,,65.737816,39.571228,13.685911,33.3251,,,,24.936824003196634,Technology,Software - Infrastructure,United States,162000,2017-Q4
ORCL,ORACLE CORP,2018-01-01 00:00:00-05:00,2018,1,1,45.75969696044922,42.19400589272192,46.82408290931537,40.95222172177979,348599900,2850792605,130451405701.88962,130.45140570188963,,,,,,,,65.737816,39.571228,13.685911,33.3251,,,,30.683992089866653,Technology,Software - Infrastructure,United States,162000,2018-Q1
ORCL,ORACLE CORP,2018-02-01 00:00:00-05:00,2018,1,2,45.118682861328125,45.73308985663824,46.285162803015716,40.88908445327731,290684300,2850792605,128624007448.41446,128.62400744841446,,,,,,,,65.737816,39.571228,13.685911,33.3251,,,,20.87678961919943,Technology,Software - Infrastructure,United States,162000,2018-Q1
ORCL,ORACLE CORP,2018-03-01 00:00:00-05:00,2018,1,3,40.73770523071289,45.37690538274636,47.620818734213856,39.63355609709607,435423200,2850792605,116134748816.38612,116.13474881638612,,,,,,,,65.737816,39.571228,13.685911,33.3251,,,,4.197800040511601,Technology,Software - Infrastructure,United States,162000,2018-Q1
ORCL,ORACLE CORP,2018-04-01 00:00:00-04:00,2018,2,4,40.66646957397461,40.648663729668826,42.108987529852925,39.21505209270882,286580100,2850792605,115931670732.94432,115.93167073294433,,,,,,,,65.737816,39.571228,13.685911,33.3251,,,,3.2058622986763874,Technology,Software - Infrastructure,United States,162000,2018-Q2
ORCL,ORACLE CORP,2018-05-01 00:00:00-04:00,2018,2,5,41.77368927001953,40.584496595203944,42.50687444891714,39.779782901960914,253549200,2850792605,119088124454.53952,119.08812445453952,,,,,,,,65.737816,39.571228,13.685911,33.3251,,,,4.561013535223046,Technology,Software - Infrastructure,United States,162000,2018-Q2
ORCL,ORACLE CORP,2018-06-01 00:00:00-04:00,2018,2,6,39.39531326293945,42.09558244994729,43.51724386315139,38.06305994800678,468930400,2850792605,112307867721.64621,112.3078677216462,,,,,,,,65.737816,39.571228,13.685911,33.3251,,,,-10.733746528232778,Technology,Software - Infrastructure,United States,162000,2018-Q2
ORCL,ORACLE CORP,2018-07-01 00:00:00-04:00,2018,3,7,42.63205337524414,39.305893778307784,43.96430312462862,39.13601056641105,424287700,2850792605,121535142498.11128,121.53514249811128,,,,,,,,65.737816,39.571228,13.685911,33.3251,,,,-2.993278116205955,Technology,Software - Infrastructure,United States,162000,2018-Q3
ORCL,ORACLE CORP,2018-08-01 00:00:00-04:00,2018,3,8,43.607147216796875,43.00572947214848,44.6124983173424,41.856756785810745,310534600,2850792605,124314932810.79086,124.31493281079086,,,,,,,,65.737816,39.571228,13.685911,33.3251,,,,-1.933045950215162,Technology,Software - Infrastructure,United States,162000,2018-Q3
ORCL,ORACLE CORP,2018-09-01 00:00:00-04:00,2018,3,9,46.28209686279297,43.40966200385802,46.77579580162358,42.48509834981842,423450600,2850792605,131940659480.3439,131.9406594803439,,,,,,,,65.737816,39.571228,13.685911,33.3251,,,,8.344923840211838,Technology,Software - Infrastructure,United States,162000,2018-Q3
ORCL,ORACLE CORP,2018-10-01 00:00:00-04:00,2018,4,10,43.84053421020508,45.97690845101273,46.668088453162525,41.59644462824169,444353400,2850792605,124980270725.70215,124.98027072570216,,,,,,,,65.737816,39.571228,13.685911,33.3251,,,,-2.512237785817306,Technology,Software - Infrastructure,United States,162000,2018-Q4
ORCL,ORACLE CORP,2018-11-01 00:00:00-04:00,2018,4,11,43.94493865966797,44.12518930695685,46.36930281781336,42.169478894559624,371551400,2850792605,125277906158.16006,125.27790615816006,,,,,,,,65.737816,39.571228,13.685911,33.3251,,,,0.9865912860804293,Technology,Software - Infrastructure,United States,162000,2018-Q4
ORCL,ORACLE CORP,2018-12-01 00:00:00-05:00,2018,4,12,40.691436767578125,44.55779645444244,45.260773755868826,38.21299939594923,539063900,2850792605,116002847023.83682,116.00284702383682,,,,,,,,65.737816,39.571228,13.685911,33.3251,,,,-2.9695794123714814,Technology,Software - Infrastructure,United States,162000,2018-Q4
ORCL,ORACLE CORP,2019-01-01 00:00:00-05:00,2019,1,1,45.269779205322266,40.08759260761532,45.51311707551316,40.02450539363939,324808100,2850792605,129054751788.51549,129.0547517885155,,,,,,,,65.737816,39.571228,13.685911,33.3251,,,,-1.070631554991286,Technology,Software - Infrastructure,United States,162000,2019-Q1
ORCL,ORACLE CORP,2019-02-01 00:00:00-05:00,2019,1,2,47.16815948486328,45.711402070633376,47.9824935479215,45.078028831628224,257843100,2850792605,134466640250.90884,134.46664025090885,,,,,,,,65.737816,39.571228,13.685911,33.3251,,,,4.542412352404446,Technology,Software - Infrastructure,United States,162000,2019-Q1
ORCL,ORACLE CORP,2019-03-01 00:00:00-05:00,2019,1,3,48.59777069091797,47.50294181276178,49.20400050507813,46.145714903825734,370697000,2850792605,138542165305.1547,138.5421653051547,,,,,,,,65.737816,39.571228,13.685911,33.3251,,,,19.294325528869607,Technology,Software - Infrastructure,United States,162000,2019-Q1
ORCL,ORACLE CORP,2019-04-01 00:00:00-04:00,2019,2,4,50.06358337402344,48.75159653712669,50.24454421916213,48.25394730978154,193506500,2850792605,142720893262.46698,142.72089326246697,,,,,,,,65.737816,39.571228,13.685911,33.3251,,,,23.10776887812931,Technology,Software - Infrastructure,United States,162000,2019-Q2
ORCL,ORACLE CORP,2019-05-01 00:00:00-04:00,2019,2,5,45.98883056640625,50.278699004310724,50.36958463715528,45.90703211002028,240092700,2850792605,131104618091.3089,131.1046180913089,,,,,,,,65.737816,39.571228,13.685911,33.3251,,,,10.090421435225917,Technology,Software - Infrastructure,United States,162000,2019-Q2
ORCL,ORACLE CORP,2019-06-01 00:00:00-04:00,2019,2,6,51.77832794189453,45.95247105063323,52.23276296763118,45.34352631327278,417219900,2850792605,147609274396.0178,147.60927439601778,,,,,,,,65.737816,39.571228,13.685911,33.3251,,,,31.432710272681618,Technology,Software - Infrastructure,United States,162000,2019-Q2
ORCL,ORACLE CORP,2019-07-01 00:00:00-04:00,2019,3,7,51.169376373291016,51.941917894145504,54.98663077327845,50.551344543432876,251453400,2850792605,145873279767.43976,145.87327976743975,,,,,,,,65.737816,39.571228,13.685911,33.3251,,,,20.025596522180166,Technology,Software - Infrastructure,United States,162000,2019-Q3
ORCL,ORACLE CORP,2019-08-01 00:00:00-04:00,2019,3,8,47.507320404052734,51.376527697810914,51.87842914398385,46.76815417751473,225539800,2850792605,135433517691.23915,135.43351769123916,,,,,,,,65.737816,39.571228,13.685911,33.3251,,,,8.943885202730172,Technology,Software - Infrastructure,United States,162000,2019-Q3
ORCL,ORACLE CORP,2019-09-01 00:00:00-04:00,2019,3,9,50.21757888793945,47.39780185961966,51.367392772706076,47.04190824612959,333772600,2850792605,143159902534.7419,143.15990253474192,,,,,,,,65.737816,39.571228,13.685911,33.3251,,,,8.503249186858453,Technology,Software - Infrastructure,United States,162000,2019-Q3
ORCL,ORACLE CORP,2019-10-01 00:00:00-04:00,2019,4,10,49.72481155395508,50.22671295926302,52.316451635633456,48.07309611209517,250748900,2850792605,141755125063.0337,141.7551250630337,,,,,,,,65.737816,39.571228,13.685911,33.3251,,,,13.422001920725402,Technology,Software - Infrastructure,United States,162000,2019-Q4
ORCL,ORACLE CORP,2019-11-01 00:00:00-04:00,2019,4,11,51.459007263183594,50.239905404832385,52.30229884268326,50.0015824272373,157205300,2850792605,146698957366.5251,146.6989573665251,,,,,,,,65.737816,39.571228,13.685911,33.3251,,,,17.09882601431851,Technology,Software - Infrastructure,United States,162000,2019-Q4
ORCL,ORACLE CORP,2019-12-01 00:00:00-05:00,2019,4,12,48.562496185302734,51.541509283942176,51.9356559121076,48.16834955713731,263181500,2850792605,138441605005.40173,138.44160500540173,,,,,,,,65.737816,39.571228,13.685911,33.3251,,,,19.343282132510154,Technology,Software - Infrastructure,United States,162000,2019-Q4
ORCL,ORACLE CORP,2020-01-01 00:00:00-05:00,2020,1,1,48.07667922973633,48.828306717307335,51.04652357169376,47.920852142660706,201231600,2850792605,137056641621.08942,137.05664162108943,,,,,,,,65.737816,39.571228,13.685911,33.3251,,,,6.200383729912384,Technology,Software - Infrastructure,United States,162000,2020-Q1
ORCL,ORACLE CORP,2020-02-01 00:00:00-05:00,2020,1,2,45.53778076171875,48.54846751248155,51.45787679113422,44.101492283614824,193548200,2850792605,129818768643.61908,129.81876864361908,,,,,,,,65.737816,39.571228,13.685911,33.3251,,,,-3.456523936804723,Technology,Software - Infrastructure,United States,162000,2020-Q1
ORCL,ORACLE CORP,2020-03-01 00:00:00-05:00,2020,1,3,44.49738311767578,45.78635957449623,47.72903497238984,36.56095542973775,500026300,2850792605,126852810733.72195,126.85281073372195,,,,,,,,65.737816,39.571228,13.685911,33.3251,,,,-8.437398495747217,Technology,Software - Infrastructure,United States,162000,2020-Q1
ORCL,ORACLE CORP,2020-04-01 00:00:00-04:00,2020,2,4,48.769447326660156,42.8585554753695,50.38067124311908,42.389000336507664,261549600,2850792605,139031579788.7798,139.0315797887798,,,,,,,,65.737816,39.571228,13.685911,33.3251,,,,-2.584984853550809,Technology,Software - Infrastructure,United States,162000,2020-Q2
ORCL,ORACLE CORP,2020-05-01 00:00:00-04:00,2020,2,5,49.741172790527344,48.4553219586394,50.09270149852042,47.049210655540335,213866500,2850792605,141801767555.26257,141.8017675552626,,,,,,,,65.737816,39.571228,13.685911,33.3251,,,,8.159246882137715,Technology,Software - Infrastructure,United States,162000,2020-Q2
ORCL,ORACLE CORP,2020-06-01 00:00:00-04:00,2020,2,6,51.128787994384766,49.28789106867275,51.776339836393326,47.09546892407997,336706700,2850792605,145757570717.00488,145.75757071700488,,,,,,,,65.737816,39.571228,13.685911,33.3251,,,,-1.25446296419357,Technology,Software - Infrastructure,United States,162000,2020-Q2
ORCL,ORACLE CORP,2020-07-01 00:00:00-04:00,2020,3,7,51.29530334472656,50.59224582291968,53.506227456519646,50.259222476082165,274222800,2850792605,146232271446.37823,146.23227144637823,,,,,,,,65.737816,39.571228,13.685911,33.3251,,,,0.24609831184354558,Technology,Software - Infrastructure,United States,162000,2020-Q3
ORCL,ORACLE CORP,2020-08-01 00:00:00-04:00,2020,3,8,53.15646743774414,51.81872816382067,54.29911737169187,49.84928300851349,217958300,2850792605,151538064279.4443,151.5380642794443,,,,,,,,65.737816,39.571228,13.685911,33.3251,,,,11.891108539999863,Technology,Software - Infrastructure,United States,162000,2020-Q3
ORCL,ORACLE CORP,2020-09-01 00:00:00-04:00,2020,3,9,55.46034240722656,53.29580810725422,58.154393730290366,50.97334823713411,426654300,2850792605,158105934005.28937,158.10593400528936,,,,,,,,65.737816,39.571228,13.685911,33.3251,,,,10.44009614837531,Technology,Software - Infrastructure,United States,162000,2020-Q3
ORCL,ORACLE CORP,2020-10-01 00:00:00-04:00,2020,4,10,52.12528610229492,55.89695838912922,57.43907503281261,51.224170604188906,209801500,2850792605,148598380153.93164,148.59838015393163,,,,,,,,65.737816,39.571228,13.685911,33.3251,,,,4.827518643756257,Technology,Software - Infrastructure,United States,162000,2020-Q4
ORCL,ORACLE CORP,2020-11-01 00:00:00-04:00,2020,4,11,53.83808135986328,52.6441644794254,55.10661604387345,51.82335084941842,187060500,2850792605,153481204208.08658,153.48120420808658,,,,,,,,65.737816,39.571228,13.685911,33.3251,,,,4.6232413394841965,Technology,Software - Infrastructure,United States,162000,2020-Q4
ORCL,ORACLE CORP,2020-12-01 00:00:00-05:00,2020,4,12,60.33931350708008,54.285793161441156,61.74775420121157,54.10856922502986,291078500,2850792605,172014868736.7605,172.0148687367605,,,,,,,,65.737816,39.571228,13.685911,33.3251,,,,24.250848384810908,Technology,Software - Infrastructure,United States,162000,2020-Q4
ORCL,ORACLE CORP,2021-01-01 00:00:00-05:00,2021,1,1,56.365821838378906,60.33932043558666,60.34864276868002,55.72222859883901,173094700,2850792605,160687268071.59808,160.68726807159808,,,,,,,,65.737816,39.571228,13.685911,33.3251,,,,17.24150407525564,Technology,Software - Infrastructure,United States,162000,2021-Q1
ORCL,ORACLE CORP,2021-02-01 00:00:00-05:00,2021,1,2,60.40167236328125,57.04029837112238,62.13385338957322,56.871764985842624,203018100,2850792605,172192640902.87506,172.19264090287507,,,,,,,,65.737816,39.571228,13.685911,33.3251,,,,32.64079046657849,Technology,Software - Infrastructure,United States,162000,2021-Q1
ORCL,ORACLE CORP,2021-03-01 00:00:00-05:00,2021,1,3,65.70121765136719,60.81365251966963,68.93150848175571,60.64511554466227,385408900,2850792605,187300545420.01306,187.30054542001307,,,,,,,,65.737816,39.571228,13.685911,33.3251,,,,47.65186860004038,Technology,Software - Infrastructure,United States,162000,2021-Q1
ORCL,ORACLE CORP,2021-04-01 00:00:00-04:00,2021,2,4,70.96331024169922,65.97274989129727,75.10182056683037,65.85103152062261,274747400,2850792605,202301680063.3569,202.3016800633569,,,,,,,,65.737816,39.571228,13.685911,33.3251,,,,45.50771872886621,Technology,Software - Infrastructure,United States,162000,2021-Q2
ORCL,ORACLE CORP,2021-05-01 00:00:00-04:00,2021,2,5,74.04442596435547,71.73112617994654,75.90635403076584,71.54305582651781,219875100,2850792605,211085301980.65457,211.08530198065458,,,,,,,,65.737816,39.571228,13.685911,33.3251,,,,48.8594293427203,Technology,Software - Infrastructure,United States,162000,2021-Q2
ORCL,ORACLE CORP,2021-06-01 00:00:00-04:00,2021,2,6,73.19808197021484,74.8343238858025,79.95931543414696,71.37377690916358,276738400,2850792605,208672550780.8723,208.6725507808723,,,,,,,,65.737816,39.571228,13.685911,33.3251,,,,43.16412502923763,Technology,Software - Infrastructure,United States,162000,2021-Q2
ORCL,ORACLE CORP,2021-07-01 00:00:00-04:00,2021,3,7,81.9435043334961,73.32975427773535,85.76138854128656,73.26392893533979,278074100,2850792605,233603936181.71613,233.60393618171614,,,,,,,,65.737816,39.571228,13.685911,33.3251,,,,59.74855199276319,Technology,Software - Infrastructure,United States,162000,2021-Q3
ORCL,ORACLE CORP,2021-08-01 00:00:00-04:00,2021,3,8,84.1240005493164,82.80263747351563,86.62516443003422,82.19857652343552,154883000,2850792605,239820078669.00714,239.82007866900713,,,,,,,,65.737816,39.571228,13.685911,33.3251,,,,58.25731957798146,Technology,Software - Infrastructure,United States,162000,2021-Q3
ORCL,ORACLE CORP,2021-09-01 00:00:00-04:00,2021,3,9,82.23631286621094,84.24668533804817,87.08762253295926,79.9711154007015,299389900,2850792605,234438672581.4605,234.4386725814605,,,,,,,,65.737816,39.571228,13.685911,33.3251,,,,48.27948998651592,Technology,Software - Infrastructure,United States,162000,2021-Q3
ORCL,ORACLE CORP,2021-10-01 00:00:00-04:00,2021,4,10,90.551513671875,82.83094466394274,93.39245125580392,82.67992763842311,177718200,2850792605,258143585547.33765,258.14358554733764,,,,,,,,65.737816,39.571228,13.685911,33.3251,,,,73.71897680171828,Technology,Software - Infrastructure,United States,162000,2021-Q4
ORCL,ORACLE CORP,2021-11-01 00:00:00-04:00,2021,4,11,85.94149780273438,90.92334123094238,91.83257377613926,85.81837504615513,156023500,2850792605,245001386398.6589,245.0013863986589,,,,,,,,65.737816,39.571228,13.685911,33.3251,,,,59.629570058944296,Technology,Software - Infrastructure,United States,162000,2021-Q4
ORCL,ORACLE CORP,2021-12-01 00:00:00-05:00,2021,4,12,82.59818267822266,86.84127566709687,100.71655241058797,82.56977028654167,270947200,2850792605,235470288365.51624,235.47028836551624,,,,,,,,65.737816,39.571228,13.685911,33.3251,,,,36.88949687591452,Technology,Software - Infrastructure,United States,162000,2021-Q4
ORCL,ORACLE CORP,2022-01-01 00:00:00-05:00,2022,1,1,76.86811828613281,82.71183597557808,84.84285197286474,74.41507833621256,200574800,2850792605,219135063170.37268,219.1350631703727,,,,,,,,65.737816,39.571228,13.685911,33.3251,,,,36.3736317134546,Technology,Software - Infrastructure,United States,162000,2022-Q1
ORCL,ORACLE CORP,2022-02-01 00:00:00-05:00,2022,1,2,72.2198486328125,77.38180458667198,79.64431661282046,66.76319771517196,144701700,2850792605,205883810416.64124,205.88381041664124,,,,,,,,65.737816,39.571228,13.685911,33.3251,,,,19.565975257194413,Technology,Software - Infrastructure,United States,162000,2022-Q1
ORCL,ORACLE CORP,2022-03-01 00:00:00-05:00,2022,1,3,78.64616394042969,72.2293673121553,80.33829581677409,69.50103783846555,243936600,2850792605,224203902572.99463,224.20390257299462,,,,,,,,65.737816,39.571228,13.685911,33.3251,,,,19.702749434192746,Technology,Software - Infrastructure,United States,162000,2022-Q1
ORCL,ORACLE CORP,2022-04-01 00:00:00-04:00,2022,2,4,69.77671813964844,78.94085310278906,80.34779101261958,69.53905902285997,131271700,2850792605,198918952073.67914,198.91895207367915,,,,,,,,65.737816,39.571228,13.685911,33.3251,,,,-1.6721205620330748,Technology,Software - Infrastructure,United States,162000,2022-Q2
ORCL,ORACLE CORP,2022-05-01 00:00:00-04:00,2022,2,5,68.63723754882812,70.55549391159974,71.91067681096312,63.67459245877592,162438900,2850792605,195670529231.82755,195.67052923182754,,,,,,,,65.737816,39.571228,13.685911,33.3251,,,,-7.302627233723625,Technology,Software - Infrastructure,United States,162000,2022-Q2
ORCL,ORACLE CORP,2022-06-01 00:00:00-04:00,2022,2,6,66.68081665039062,69.68703043605703,71.42395703092936,60.84970073820917,219800300,2850792605,190093179002.29446,190.09317900229448,,,,,,,,65.737816,39.571228,13.685911,33.3251,,,,-8.903601220693425,Technology,Software - Infrastructure,United States,162000,2022-Q2
ORCL,ORACLE CORP,2022-07-01 00:00:00-04:00,2022,3,7,74.2870101928711,66.66171367859134,74.59241086700318,65.11566281213815,126241100,2850792605,211776859305.39655,211.77685930539656,,,,,,,,65.737816,39.571228,13.685911,33.3251,,,,-9.343625468425632,Technology,Software - Infrastructure,United States,162000,2022-Q3
ORCL,ORACLE CORP,2022-08-01 00:00:00-04:00,2022,3,8,71.08193969726562,73.98656796537969,76.57484869779168,70.42048708874628,117160200,2850792605,202639868038.02078,202.63986803802078,,,,,,,,65.737816,39.571228,13.685911,33.3251,,,,-15.503376880424359,Technology,Software - Infrastructure,United States,162000,2022-Q3
ORCL,ORACLE CORP,2022-09-01 00:00:00-04:00,2022,3,9,58.543148040771484,71.0531900320821,76.12431019388195,58.26514629499589,232945300,2850792605,166894373508.05157,166.8943735080516,,,,,,,,65.737816,39.571228,13.685911,33.3251,,,,-28.811073842750623,Technology,Software - Infrastructure,United States,162000,2022-Q3
ORCL,ORACLE CORP,2022-10-01 00:00:00-04:00,2022,4,10,74.8397445678711,58.46645529208442,75.08898875307223,58.29390275059405,200166600,2850792605,213352590374.17584,213.35259037417583,,,,,,,,65.737816,39.571228,13.685911,33.3251,,,,-17.351194327835874,Technology,Software - Infrastructure,United States,162000,2022-Q4
ORCL,ORACLE CORP,2022-11-01 00:00:00-04:00,2022,4,11,80.00367736816406,75.7351440625304,80.44691016215246,71.35098928535194,143312700,2850792605,228073891813.96796,228.07389181396795,,,,,,,,65.737816,39.571228,13.685911,33.3251,,,,-6.909142365891363,Technology,Software - Infrastructure,United States,162000,2022-Q4
ORCL,ORACLE CORP,2022-12-01 00:00:00-05:00,2022,4,12,78.76069641113281,80.02295385674852,82.4607379402377,75.21482664842642,172460600,2850792605,224530410893.50745,224.53041089350745,,,,,,,,65.737816,39.571228,13.685911,33.3251,,,,-4.6459693696161874,Technology,Software - Infrastructure,United States,162000,2022-Q4
ORCL,ORACLE CORP,2023-01-01 00:00:00-05:00,2023,1,1,85.23575592041016,79.46408509558356,87.19176408524915,79.26174018383958,135703000,2850792605,242989462659.49023,242.98946265949024,,,,,,,,65.737816,39.571228,13.685911,33.3251,,,,10.885706351142566,Technology,Software - Infrastructure,United States,162000,2023-Q1
ORCL,ORACLE CORP,2023-02-01 00:00:00-05:00,2023,1,2,84.53018188476562,85.46833266489121,88.22475011549534,83.15681001518459,122638600,2850792605,240978017416.3948,240.9780174163948,,,,,,,,65.737816,39.571228,13.685911,33.3251,,,,17.045637016691305,Technology,Software - Infrastructure,United States,162000,2023-Q1
ORCL,ORACLE CORP,2023-03-01 00:00:00-05:00,2023,1,3,89.86892700195312,84.04659973625427,89.94630193583984,79.34617949639355,189782300,2850792605,256197672516.4528,256.19767251645277,,,,,,,,65.737816,39.571228,13.685911,33.3251,,,,14.269943375781269,Technology,Software - Infrastructure,United States,162000,2023-Q1
ORCL,ORACLE CORP,2023-04-01 00:00:00-04:00,2023,2,4,91.60983276367188,89.34666374607617,93.56350202327536,89.066185124556,130420000,2850792605,261160633787.9625,261.16063378796247,,,,,,,,65.737816,39.571228,13.685911,33.3251,,,,31.289970646552167,Technology,Software - Infrastructure,United States,162000,2023-Q2
ORCL,ORACLE CORP,2023-05-01 00:00:00-04:00,2023,2,5,102.89048767089844,92.07115650759792,103.42465130993571,91.14849809689333,175859100,2850792605,293319441377.04095,293.31944137704096,,,,,,,,65.737816,39.571228,13.685911,33.3251,,,,49.90476211648633,Technology,Software - Infrastructure,United States,162000,2023-Q2
ORCL,ORACLE CORP,2023-06-01 00:00:00-04:00,2023,2,6,115.66194915771484,101.86098986491047,123.86871739934016,101.76386988182786,328376600,2850792605,329728229338.69946,329.72822933869946,,,,,,,,65.737816,39.571228,13.685911,33.3251,,,,73.45610772005638,Technology,Software - Infrastructure,United States,162000,2023-Q2
ORCL,ORACLE CORP,2023-07-01 00:00:00-04:00,2023,3,7,113.8554916381836,114.61303784607404,117.86660529754731,110.16487316769548,156283000,2850792605,324578393600.77313,324.57839360077315,,,,,,,,65.737816,39.571228,13.685911,33.3251,,,,53.26433429287434,Technology,Software - Infrastructure,United States,162000,2023-Q3
ORCL,ORACLE CORP,2023-08-01 00:00:00-04:00,2023,3,8,117.3348617553711,113.95291877350928,118.88451618379314,108.30985074102212,169698900,2850792605,334497356200.90924,334.4973562009092,,,,,,,,65.737816,39.571228,13.685911,33.3251,,,,65.06986479982724,Technology,Software - Infrastructure,United States,162000,2023-Q3
ORCL,ORACLE CORP,2023-09-01 00:00:00-04:00,2023,3,9,103.2320556640625,117.9391190746662,124.1864479898365,100.64930349489197,308526100,2850792605,294293180886.05774,294.2931808860577,,,,,,,,65.737816,39.571228,13.685911,33.3251,,,,76.33499242672792,Technology,Software - Infrastructure,United States,162000,2023-Q3
ORCL,ORACLE CORP,2023-10-01 00:00:00-04:00,2023,4,10,100.77601623535156,103.12485371829123,108.24162429303034,97.33559835291895,164668600,2850792605,287291521845.10016,287.29152184510014,,,,,,,,65.737816,39.571228,13.685911,33.3251,,,,34.65574584365294,Technology,Software - Infrastructure,United States,162000,2023-Q4
ORCL,ORACLE CORP,2023-11-01 00:00:00-04:00,2023,4,11,113.6753921508789,101.53606527088925,115.10354781540751,101.53606527088925,135982800,2850792605,324064967314.2006,324.0649673142006,,,,,,,,65.737816,39.571228,13.685911,33.3251,,,,42.08770882838677,Technology,Software - Infrastructure,United States,162000,2023-Q4
ORCL,ORACLE CORP,2023-12-01 00:00:00-05:00,2023,4,12,103.1305160522461,113.53845140910636,114.7905327357973,97.09508881746589,269931000,2850792605,294003712511.57697,294.00371251157696,,,,,,,,65.737816,39.571228,13.685911,33.3251,,,,30.941600000464973,Technology,Software - Infrastructure,United States,162000,2023-Q4
ORCL,ORACLE CORP,2024-01-01 00:00:00-05:00,2024,1,1,109.26376342773438,102.24036256659288,113.64605564188965,99.52099696901607,171137100,2850792605,311488328774.25464,311.4883287742546,,,,,,,,65.737816,39.571228,13.685911,33.3251,,,,28.190056212747926,Technology,Software - Infrastructure,United States,162000,2024-Q1
ORCL,ORACLE CORP,2024-02-01 00:00:00-05:00,2024,1,2,109.66749572753906,110.87533408286473,115.66739243240984,104.59066235939017,147696800,2850792605,312639285828.93744,312.63928582893743,,,,,,,,65.737816,39.571228,13.685911,33.3251,,,,29.73767864008794,Technology,Software - Infrastructure,United States,162000,2024-Q1
ORCL,ORACLE CORP,2024-03-01 00:00:00-05:00,2024,1,3,123.34648132324219,109.6675026262743,130.37746017597166,108.38111150606551,243321500,2850792605,351635236809.06946,351.63523680906945,,,,,,,,65.737816,39.571228,13.685911,33.3251,,,,37.25153447148812,Technology,Software - Infrastructure,United States,162000,2024-Q1
ORCL,ORACLE CORP,2024-04-01 00:00:00-04:00,2024,2,4,111.7001953125,123.27773733446887,125.68358469828145,110.74767376695361,135793700,2850792605,318434090773.93066,318.4340907739307,,,,,,,,65.737816,39.571228,13.685911,33.3251,,,,21.930356101244854,Technology,Software - Infrastructure,United States,162000,2024-Q2
ORCL,ORACLE CORP,2024-05-01 00:00:00-04:00,2024,2,5,115.44956970214844,112.21828341659068,124.81832770889868,111.96214266973426,145216100,2850792605,329122779557.31683,329.12277955731685,,,,,,,,65.737816,39.571228,13.685911,33.3251,,,,12.206261546180052,Technology,Software - Infrastructure,United States,162000,2024-Q2
ORCL,ORACLE CORP,2024-06-01 00:00:00-04:00,2024,2,6,139.10299682617188,115.78452833231485,143.16181979104303,115.59734766960148,237978500,2850792605,396553794685.3893,396.5537946853893,,,,,,,,65.737816,39.571228,13.685911,33.3251,,,,20.2668620399032,Technology,Software - Infrastructure,United States,162000,2024-Q2
ORCL,ORACLE CORP,2024-07-01 00:00:00-04:00,2024,3,7,137.3789825439453,139.58572103285286,144.412943626629,132.9556745229374,151095800,2850792605,391638987518.70337,391.63898751870335,13307000000.0,13307.0,9401000000.0,2929000000.0,4077000000.0,5439000000.0,7.35776259710497,65.737816,39.571228,13.685911,33.3251,,,,20.66083117054729,Technology,Software - Infrastructure,United States,162000,2024-Q3
ORCL,ORACLE CORP,2024-08-01 00:00:00-04:00,2024,3,8,139.5846405029297,137.60878025612155,140.00945829479446,124.23221301806204,119963800,2850792605,397926860917.33545,397.92686091733543,13307000000.0,13307.0,9401000000.0,2929000000.0,4077000000.0,5439000000.0,7.475893531925593,65.737816,39.571228,13.685911,33.3251,,0.0,,18.962632600996866,Technology,Software - Infrastructure,United States,162000,2024-Q3
ORCL,ORACLE CORP,2024-09-01 00:00:00-04:00,2024,3,9,168.34329223632812,138.75478713463227,171.88997294641544,136.28496174927173,267086900,2850792605,479911812608.6781,479.9118126086781,13307000000.0,13307.0,9401000000.0,2929000000.0,4077000000.0,5439000000.0,9.016153389356694,65.737816,39.571228,13.685911,33.3251,,0.0,,63.07269205618693,Technology,Software - Infrastructure,United States,162000,2024-Q3
ORCL,ORACLE CORP,2024-10-01 00:00:00-04:00,2024,4,10,165.81419372558594,168.1654723201829,176.45420572406135,163.96676915818423,134383400,2850792605,472701877276.9378,472.7018772769378,14059000000.0,14059.0,9974000000.0,3151000000.0,4335000000.0,5755000000.0,8.40568100997471,65.737816,39.571228,13.685911,33.3251,,5.651161043060049,,64.53735712110777,Technology,Software - Infrastructure,United States,162000,2024-Q4
ORCL,ORACLE CORP,2024-11-01 00:00:00-04:00,2024,4,11,183.01962280273438,168.47429300905333,194.1093179848959,167.06827951408513,150498900,2850792605,521750987255.92456,521.7509872559245,14059000000.0,14059.0,9974000000.0,3151000000.0,4335000000.0,5755000000.0,9.277882268581061,65.737816,39.571228,13.685911,33.3251,,0.0,5.651161043060049,61.00197178982798,Technology,Software - Infrastructure,United States,162000,2024-Q4
ORCL,ORACLE CORP,2024-12-01 00:00:00-05:00,2024,4,12,164.99887084960938,183.4651931344328,196.35697188672313,162.92945752090773,196442000,2850792605,470377560851.4165,470.3775608514165,14059000000.0,14059.0,9974000000.0,3151000000.0,4335000000.0,5755000000.0,8.364349542133446,65.737816,39.571228,13.685911,33.3251,,0.0,5.651161043060049,59.990347343962355,Technology,Software - Infrastructure,United States,162000,2024-Q4
ORCL,ORACLE CORP,2025-01-01 00:00:00-05:00,2025,1,1,168.3851776123047,166.8603508057073,190.0992099192237,150.91890410325396,298549400,2850792605,480031219128.7698,480.03121912876975,14130000000.0,14130.0,9935000000.0,2936000000.0,4449000000.0,5891000000.0,8.493121357550775,65.737816,39.571228,13.685911,33.3251,,0.5050145814069262,6.1847148117532225,54.10889422976213,Technology,Software - Infrastructure,United States,162000,2025-Q1
ORCL,ORACLE CORP,2025-02-01 00:00:00-05:00,2025,1,2,164.82872009277344,161.98992539808808,180.88875886282776,159.6176470275596,159934900,2850792605,469892496332.09344,469.89249633209346,14130000000.0,14130.0,9935000000.0,2936000000.0,4449000000.0,5891000000.0,8.313738434750414,65.737816,39.571228,13.685911,33.3251,,0.0,0.5050145814069262,50.298608534180865,Technology,Software - Infrastructure,United States,162000,2025-Q1
ORCL,ORACLE CORP,2025-03-01 00:00:00-05:00,2025,1,3,138.7733612060547,165.71212813403022,165.8808658331603,135.7459727318952,259191300,2850792605,395614071897.2146,395.6140718972146,14130000000.0,14130.0,9935000000.0,2936000000.0,4449000000.0,5891000000.0,6.999541257912502,65.737816,39.571228,13.685911,33.3251,,0.0,0.5050145814069262,12.506947678859826,Technology,Software - Infrastructure,United States,162000,2025-Q1
ORCL,ORACLE CORP,2025-04-01 00:00:00-04:00,2025,2,4,139.67660522460938,138.72371666845098,146.79344003854771,117.97868986804967,223415000,2850792605,398189033265.8208,398.1890332658208,15903000000.0,15903.0,11162000000.0,3427000000.0,5191000000.0,6826000000.0,6.259652789816714,65.737816,39.571228,13.685911,33.3251,,12.547770700636951,13.116153353723604,25.045981194429157,Technology,Software - Infrastructure,United States,162000,2025-Q2
ORCL,ORACLE CORP,2025-05-01 00:00:00-04:00,2025,2,5,164.8928680419922,145.9958830174683,165.11202247032543,144.7805776240049,173650100,2850792605,470075368831.3522,470.0753688313522,15903000000.0,15903.0,11162000000.0,3427000000.0,5191000000.0,6826000000.0,7.389727863160287,65.737816,39.571228,13.685911,33.3251,,0.0,12.547770700636951,42.8267497812282,Technology,Software - Infrastructure,United States,162000,2025-Q2
ORCL,ORACLE CORP,2025-06-01 00:00:00-04:00,2025,2,6,217.78848266601562,163.53809633614463,227.34156643565348,161.97414728024586,359459900,2850792605,620869795838.448,620.869795838448,15903000000.0,15903.0,11162000000.0,3427000000.0,5191000000.0,6826000000.0,9.760262149255611,65.737816,39.571228,13.685911,33.3251,,0.0,12.547770700636951,56.566348414600974,Technology,Software - Infrastructure,United States,162000,2025-Q2
ORCL,ORACLE CORP,2025-07-01 00:00:00-04:00,2025,3,7,252.79322814941406,218.45590405203885,259.86589069917187,215.47740727119037,269790200,2850792605,720661065402.4275,720.6610654024275,14926000000.0,14926.0,10042000000.0,2927000000.0,4692000000.0,6121000000.0,12.070565881723628,65.737816,39.571228,13.685911,33.3251,,-6.143494938062,5.6334041047416905,84.0115740182816,Technology,Software - Infrastructure,United States,162000,2025-Q3
ORCL,ORACLE CORP,2025-08-01 00:00:00-04:00,2025,3,8,225.73826599121094,247.40067070238283,258.04219215328004,222.72349345757624,218404000,2850792605,643532979353.2671,643.5329793532671,14926000000.0,14926.0,10042000000.0,2927000000.0,4692000000.0,6121000000.0,10.778724697729919,65.737816,39.571228,13.685911,33.3251,,0.0,-6.143494938062,61.721422341215955,Technology,Software - Infrastructure,United States,162000,2025-Q3
ORCL,ORACLE CORP,2025-09-01 00:00:00-04:00,2025,3,9,280.7527770996094,221.6154127447244,345.12108452537274,218.41096696631445,771912000,2850792605,800367940788.7798,800.3679407887798,14926000000.0,14926.0,10042000000.0,2927000000.0,4692000000.0,6121000000.0,13.405599973013194,65.737816,39.571228,13.685911,33.3251,,0.0,-6.143494938062,66.7739613322256,Technology,Software - Infrastructure,United States,162000,2025-Q3
ORCL,ORACLE CORP,2025-10-01 00:00:00-04:00,2025,4,10,283.3299865722656,278.79998779296875,322.5400085449219,269.25,405470015,2850792605,807715030494.9641,807.7150304949641,,,,,,,,65.737816,39.571228,13.685911,33.3251,,0.0,-6.143494938062,70.87197435049639,Technology,Software - Infrastructure,United States,162000,2025-Q4
