ticker,company_name,date,year,quarter,month,close_price,open_price,high_price,low_price,volume,shares_outstanding,market_cap,market_cap_billions,revenue,revenue_millions,gross_profit,net_income,operating_income,ebitda,ps_ratio,current_pe,forward_pe,current_ps,current_pb,peg_ratio,revenue_qoq_pct,revenue_yoy_pct,market_cap_yoy_pct,sector,industry,country,employees,year_quarter
OTEX,OPEN TEXT CORP,2015-01-01 00:00:00-05:00,2015,1,1,22.492427825927734,23.369582092925935,23.794266964766763,21.142962401575918,16269800,254316690,5720199794.753838,5.720199794753838,,,,,,,,23.848484,9.481927,1.9382148,2.5052524,,,,,Technology,Software - Application,Canada,21400,2015-Q1
OTEX,OPEN TEXT CORP,2015-02-01 00:00:00-05:00,2015,1,2,23.10762596130371,22.504334973626378,24.504720641073256,21.83356988480981,12111000,254316690,5876654948.236828,5.876654948236828,,,,,,,,23.848484,9.481927,1.9382148,2.5052524,,,,,Technology,Software - Application,Canada,21400,2015-Q1
OTEX,OPEN TEXT CORP,2015-03-01 00:00:00-05:00,2015,1,3,21.053430557250977,23.246745903897338,23.46965892806332,20.85042026474537,12759600,254316690,5354238772.464924,5.354238772464924,,,,,,,,23.848484,9.481927,1.9382148,2.5052524,,,,,Technology,Software - Application,Canada,21400,2015-Q1
OTEX,OPEN TEXT CORP,2015-04-01 00:00:00-04:00,2015,2,4,20.133909225463867,21.065369726639286,23.25868484777207,19.907013248725185,15982200,254316690,5120389150.980434,5.120389150980435,,,,,,,,23.848484,9.481927,1.9382148,2.5052524,,,,,Technology,Software - Application,Canada,21400,2015-Q2
OTEX,OPEN TEXT CORP,2015-05-01 00:00:00-04:00,2015,2,5,16.893693923950195,20.177694380653246,20.20555850547407,16.603109823332364,23215200,254316690,4296348320.612125,4.296348320612125,,,,,,,,23.848484,9.481927,1.9382148,2.5052524,,,,,Technology,Software - Application,Canada,21400,2015-Q2
OTEX,OPEN TEXT CORP,2015-06-01 00:00:00-04:00,2015,2,6,16.209224700927734,17.017086588468516,17.153063372027216,15.941271303524916,19360400,254316690,4122276373.4061813,4.122276373406181,,,,,,,,23.848484,9.481927,1.9382148,2.5052524,,,,,Technology,Software - Application,Canada,21400,2015-Q2
OTEX,OPEN TEXT CORP,2015-07-01 00:00:00-04:00,2015,3,7,18.20088768005371,16.261219898652307,18.48484029479573,14.657494745076628,22427800,254316690,4628789509.853039,4.628789509853039,,,,,,,,23.848484,9.481927,1.9382148,2.5052524,,,,,Technology,Software - Application,Canada,21400,2015-Q3
OTEX,OPEN TEXT CORP,2015-08-01 00:00:00-04:00,2015,3,8,18.124900817871094,18.152895909100433,18.692804509133502,16.229225801625336,14691600,254316690,4609464782.579269,4.60946478257927,,,,,,,,23.848484,9.481927,1.9382148,2.5052524,,,,,Technology,Software - Application,Canada,21400,2015-Q3
OTEX,OPEN TEXT CORP,2015-09-01 00:00:00-04:00,2015,3,9,17.98039436340332,17.83976619376563,18.9447066295055,17.638867932722018,13459800,254316690,4572714379.39539,4.572714379395389,,,,,,,,23.848484,9.481927,1.9382148,2.5052524,,,,,Technology,Software - Application,Canada,21400,2015-Q3
OTEX,OPEN TEXT CORP,2015-10-01 00:00:00-04:00,2015,4,10,18.643367767333984,18.04469000112511,19.330439766584835,17.273241061488957,13685000,254316690,4741319581.041069,4.741319581041069,,,,,,,,23.848484,9.481927,1.9382148,2.5052524,,,,,Technology,Software - Application,Canada,21400,2015-Q4
OTEX,OPEN TEXT CORP,2015-11-01 00:00:00-04:00,2015,4,11,19.467042922973633,18.687556644277485,19.551419829616353,17.835748397553424,9428600,254316690,4950793920.258579,4.95079392025858,,,,,,,,23.848484,9.481927,1.9382148,2.5052524,,,,,Technology,Software - Application,Canada,21400,2015-Q4
OTEX,OPEN TEXT CORP,2015-12-01 00:00:00-05:00,2015,4,12,19.339359283447266,19.533035134565424,20.03739981118527,18.681667314159313,8789400,254316690,4918321839.68708,4.9183218396870805,,,,,,,,23.848484,9.481927,1.9382148,2.5052524,,,,,Technology,Software - Application,Canada,21400,2015-Q4
OTEX,OPEN TEXT CORP,2016-01-01 00:00:00-05:00,2016,1,1,19.714595794677734,19.07707845810417,19.908271538406943,17.685033953850592,11170800,254316690,5013750747.190361,5.013750747190361,,,,,,,,23.848484,9.481927,1.9382148,2.5052524,,,,-12.350076446829384,Technology,Software - Application,Canada,21400,2016-Q1
OTEX,OPEN TEXT CORP,2016-02-01 00:00:00-05:00,2016,1,2,20.06966781616211,19.52898914650923,20.50947361117227,16.91839865821237,16127000,254316690,5104051488.405876,5.104051488405876,,,,,,,,23.848484,9.481927,1.9382148,2.5052524,,,,-13.146993768329985,Technology,Software - Application,Canada,21400,2016-Q1
OTEX,OPEN TEXT CORP,2016-03-01 00:00:00-05:00,2016,1,3,20.900867462158203,20.16651277175362,21.211556221821454,19.290936617501426,7914400,254316690,5315439431.104774,5.315439431104775,,,,,,,,23.848484,9.481927,1.9382148,2.5052524,,,,-0.7246472002646165,Technology,Software - Application,Canada,21400,2016-Q1
OTEX,OPEN TEXT CORP,2016-04-01 00:00:00-04:00,2016,2,4,22.65505027770996,20.76712942123413,23.246545988893043,20.64558975704552,12049000,254316690,5761557398.410778,5.761557398410778,,,,,,,,23.848484,9.481927,1.9382148,2.5052524,,,,12.521865595070537,Technology,Software - Application,Canada,21400,2016-Q2
OTEX,OPEN TEXT CORP,2016-05-01 00:00:00-04:00,2016,2,5,23.77321434020996,22.67935448127556,23.838035585048868,21.711086460355464,13652200,254316690,6045925181.662731,6.0459251816627315,,,,,,,,23.848484,9.481927,1.9382148,2.5052524,,,,40.72241658472733,Technology,Software - Application,Canada,21400,2016-Q2
OTEX,OPEN TEXT CORP,2016-06-01 00:00:00-04:00,2016,2,6,24.06593894958496,23.81372704150465,25.209030931875247,23.024545492529867,12419800,254316690,6120369935.400524,6.120369935400524,,,,,,,,23.848484,9.481927,1.9382148,2.5052524,,,,48.470635663453706,Technology,Software - Application,Canada,21400,2016-Q2
OTEX,OPEN TEXT CORP,2016-07-01 00:00:00-04:00,2016,3,7,24.785966873168945,24.094416530422603,25.7297291461652,23.47202199784913,11779800,254316690,6303485053.633976,6.303485053633976,,,,,,,,23.848484,9.481927,1.9382148,2.5052524,,,,36.17998917894427,Technology,Software - Application,Canada,21400,2016-Q3
OTEX,OPEN TEXT CORP,2016-08-01 00:00:00-04:00,2016,3,8,25.5548095703125,24.724949093190283,25.89244947541681,24.501212610618197,6858600,254316690,6499014583.502197,6.4990145835021975,,,,,,,,23.848484,9.481927,1.9382148,2.5052524,,,,40.99282433101945,Technology,Software - Application,Canada,21400,2016-Q3
OTEX,OPEN TEXT CORP,2016-09-01 00:00:00-04:00,2016,3,9,26.48154640197754,25.685384897171275,27.289954484634492,24.378863653065395,15414000,254316690,6734699227.032337,6.734699227032337,,,,,,,,23.848484,9.481927,1.9382148,2.5052524,,,,47.28012003939788,Technology,Software - Application,Canada,21400,2016-Q3
OTEX,OPEN TEXT CORP,2016-10-01 00:00:00-04:00,2016,4,10,25.346508026123047,26.485631391337403,26.775515363024464,25.015794338885023,7737400,254316690,6446040024.262047,6.446040024262047,,,,,,,,23.848484,9.481927,1.9382148,2.5052524,,,,35.95455682923332,Technology,Software - Application,Canada,21400,2016-Q4
OTEX,OPEN TEXT CORP,2016-11-01 00:00:00-04:00,2016,4,11,25.95077133178711,25.334255924279685,26.175329294739157,23.921580607896296,10091600,254316690,6599714268.046989,6.59971426804699,,,,,,,,23.848484,9.481927,1.9382148,2.5052524,,,,33.306180268200045,Technology,Software - Application,Canada,21400,2016-Q4
OTEX,OPEN TEXT CORP,2016-12-01 00:00:00-05:00,2016,4,12,25.328142166137695,26.06983241797183,26.36077326846527,24.238142929763768,21269000,254316690,6441369279.541569,6.4413692795415685,,,,,,,,23.848484,9.481927,1.9382148,2.5052524,,,,30.966811231519365,Technology,Software - Application,Canada,21400,2016-Q4
OTEX,OPEN TEXT CORP,2017-01-01 00:00:00-05:00,2017,1,1,28.08591651916504,25.42238493270404,28.741554438259026,25.061783295620295,8111100,254316690,7142717324.770374,7.142717324770374,,,,,,,,23.848484,9.481927,1.9382148,2.5052524,,,,42.46255318481993,Technology,Software - Application,Canada,21400,2017-Q1
OTEX,OPEN TEXT CORP,2017-02-01 00:00:00-05:00,2017,1,2,27.02869987487793,28.266219435735703,28.602234080316144,26.70907656982926,10834700,254316690,6873849487.182369,6.873849487182369,,,,,,,,23.848484,9.481927,1.9382148,2.5052524,,,,34.67437589132247,Technology,Software - Application,Canada,21400,2017-Q1
OTEX,OPEN TEXT CORP,2017-03-01 00:00:00-05:00,2017,1,3,27.87282943725586,27.11884668773703,28.569447196349095,26.84020020936531,11384900,254316690,7088525723.417473,7.088525723417473,,,,,,,,23.848484,9.481927,1.9382148,2.5052524,,,,33.35728523096304,Technology,Software - Application,Canada,21400,2017-Q1
OTEX,OPEN TEXT CORP,2017-04-01 00:00:00-04:00,2017,2,4,28.521381378173828,27.995035746301465,28.95726076633049,26.975238731598182,8624500,254316690,7253463306.324806,7.253463306324806,,,,,,,,23.848484,9.481927,1.9382148,2.5052524,,,,25.89414293304695,Technology,Software - Application,Canada,21400,2017-Q2
OTEX,OPEN TEXT CORP,2017-05-01 00:00:00-04:00,2017,2,5,26.835439682006836,28.578961030466253,28.90792874327835,25.87321116125606,15132800,254316690,6824700194.622631,6.824700194622631,,,,,,,,23.848484,9.481927,1.9382148,2.5052524,,,,12.880989915686047,Technology,Software - Application,Canada,21400,2017-Q2
OTEX,OPEN TEXT CORP,2017-06-01 00:00:00-04:00,2017,2,6,26.04530906677246,27.01147783764071,27.490435558332354,25.500288483754883,11658500,254316690,6623756791.888561,6.623756791888561,,,,,,,,23.848484,9.481927,1.9382148,2.5052524,,,,8.224778269960819,Technology,Software - Application,Canada,21400,2017-Q2
OTEX,OPEN TEXT CORP,2017-07-01 00:00:00-04:00,2017,3,7,27.663850784301758,26.235240360620082,28.547442184208194,25.53332144361775,8335200,254316690,7035378964.117527,7.035378964117527,,,,,,,,23.848484,9.481927,1.9382148,2.5052524,,,,11.610940682116988,Technology,Software - Application,Canada,21400,2017-Q3
OTEX,OPEN TEXT CORP,2017-08-01 00:00:00-04:00,2017,3,8,26.623350143432617,27.75467642633594,28.886002709239264,25.599373805170973,11397200,254316690,6770762285.188808,6.770762285188808,,,,,,,,23.848484,9.481927,1.9382148,2.5052524,,,,4.1813677780697,Technology,Software - Application,Canada,21400,2017-Q3
OTEX,OPEN TEXT CORP,2017-09-01 00:00:00-04:00,2017,3,9,26.77635955810547,26.850991839853684,26.95050049441027,25.880772177126907,10286000,254316690,6809675133.0672455,6.809675133067246,,,,,,,,23.848484,9.481927,1.9382148,2.5052524,,,,1.1132777204654332,Technology,Software - Application,Canada,21400,2017-Q3
OTEX,OPEN TEXT CORP,2017-10-01 00:00:00-04:00,2017,4,10,29.00703239440918,26.768066967867405,29.15629696706685,26.71831421919704,9009100,254316690,7376972465.268917,7.376972465268917,,,,,,,,23.848484,9.481927,1.9382148,2.5052524,,,,14.441927718459135,Technology,Software - Application,Canada,21400,2017-Q4
OTEX,OPEN TEXT CORP,2017-11-01 00:00:00-04:00,2017,4,11,27.041715621948242,29.08166025327235,29.39677465461176,26.627092575094263,13074600,254316690,6877159608.895168,6.877159608895168,,,,,,,,23.848484,9.481927,1.9382148,2.5052524,,,,4.203899283813706,Technology,Software - Application,Canada,21400,2017-Q4
OTEX,OPEN TEXT CORP,2017-12-01 00:00:00-05:00,2017,4,12,29.6993465423584,27.184854491240912,29.807587276056907,26.685284073058536,12435200,254316690,7553039507.815533,7.553039507815533,,,,,,,,23.848484,9.481927,1.9382148,2.5052524,,,,17.258290590554083,Technology,Software - Application,Canada,21400,2017-Q4
OTEX,OPEN TEXT CORP,2018-01-01 00:00:00-05:00,2018,1,1,28.51703643798828,29.699347081074123,29.699347081074123,27.634464239843535,11394900,254316690,7252358315.51857,7.25235831551857,,,,,,,,23.848484,9.481927,1.9382148,2.5052524,,,,1.5350039174582664,Technology,Software - Application,Canada,21400,2018-Q1
OTEX,OPEN TEXT CORP,2018-02-01 00:00:00-05:00,2018,1,2,29.208112716674805,31.223037904909216,33.56268535533888,27.87592786036235,18797300,254316690,7428110547.251644,7.428110547251644,,,,,,,,23.848484,9.481927,1.9382148,2.5052524,,,,8.063328431947813,Technology,Software - Application,Canada,21400,2018-Q1
OTEX,OPEN TEXT CORP,2018-03-01 00:00:00-05:00,2018,1,3,28.97498321533203,29.08322398686063,30.67351751368104,28.125716066157526,10686600,254316690,7368821824.128799,7.3688218241287995,,,,,,,,23.848484,9.481927,1.9382148,2.5052524,,,,3.9542228052491524,Technology,Software - Application,Canada,21400,2018-Q1
OTEX,OPEN TEXT CORP,2018-04-01 00:00:00-04:00,2018,2,4,29.527368545532227,28.967408328381524,30.471773969473734,28.07314640663685,8683100,254316690,7509302632.90987,7.50930263290987,,,,,,,,23.848484,9.481927,1.9382148,2.5052524,,,,3.5271333951876427,Technology,Software - Application,Canada,21400,2018-Q2
OTEX,OPEN TEXT CORP,2018-05-01 00:00:00-04:00,2018,2,5,29.142925262451172,29.45215849218557,30.730869173071742,27.79735230870287,12045200,254316690,7411532289.663963,7.411532289663963,,,,,,,,23.848484,9.481927,1.9382148,2.5052524,,,,8.598650172262712,Technology,Software - Application,Canada,21400,2018-Q2
OTEX,OPEN TEXT CORP,2018-06-01 00:00:00-04:00,2018,2,6,29.41036033630371,29.2933545773635,30.572068114189097,28.833687729455026,8722400,254316690,7479545492.436047,7.4795454924360465,,,,,,,,23.848484,9.481927,1.9382148,2.5052524,,,,12.919989779749796,Technology,Software - Application,Canada,21400,2018-Q2
OTEX,OPEN TEXT CORP,2018-07-01 00:00:00-04:00,2018,3,7,31.22333526611328,29.36840136995492,32.381621156802915,29.31804000016272,8758700,254316690,7940615275.638199,7.940615275638199,,,,,,,,23.848484,9.481927,1.9382148,2.5052524,,,,12.866916141086925,Technology,Software - Application,Canada,21400,2018-Q3
OTEX,OPEN TEXT CORP,2018-08-01 00:00:00-04:00,2018,3,8,32.94396209716797,31.231714636293557,33.59025167412003,31.080633789639045,13600900,254316690,8378199396.037216,8.378199396037216,,,,,,,,23.848484,9.481927,1.9382148,2.5052524,,,,23.740858756254248,Technology,Software - Application,Canada,21400,2018-Q3
OTEX,OPEN TEXT CORP,2018-09-01 00:00:00-04:00,2018,3,9,32.05224609375,33.038078594741464,33.24030237697042,31.77418879496493,7147100,254316690,8151421133.62793,8.15142113362793,,,,,,,,23.848484,9.481927,1.9382148,2.5052524,,,,19.703524387606564,Technology,Software - Application,Canada,21400,2018-Q3
OTEX,OPEN TEXT CORP,2018-10-01 00:00:00-04:00,2018,4,10,28.479652404785156,32.21234091639207,32.507250494836576,27.06409542811878,10133800,254316690,7242850931.935501,7.242850931935501,,,,,,,,23.848484,9.481927,1.9382148,2.5052524,,,,-1.8181108031088078,Technology,Software - Application,Canada,21400,2018-Q4
OTEX,OPEN TEXT CORP,2018-11-01 00:00:00-04:00,2018,4,11,28.90936851501465,26.95455130172096,29.288532813664094,26.946125178421397,9866100,254316690,7352134910.728741,7.352134910728741,,,,,,,,23.848484,9.481927,1.9382148,2.5052524,,,,6.906562139683681,Technology,Software - Application,Canada,21400,2018-Q4
OTEX,OPEN TEXT CORP,2018-12-01 00:00:00-05:00,2018,4,12,27.589780807495117,29.561690096107263,29.561690096107263,26.227219046902892,9728100,254316690,7016541732.787685,7.016541732787686,,,,,,,,23.848484,9.481927,1.9382148,2.5052524,,,,-7.103071213551903,Technology,Software - Application,Canada,21400,2018-Q4
OTEX,OPEN TEXT CORP,2019-01-01 00:00:00-05:00,2019,1,1,30.162565231323242,27.166619373800298,30.60264794726656,26.599591769373635,9300600,254316690,7670843751.539211,7.670843751539211,,,,,,,,23.848484,9.481927,1.9382148,2.5052524,,,,5.770335907496027,Technology,Software - Application,Canada,21400,2019-Q1
OTEX,OPEN TEXT CORP,2019-02-01 00:00:00-05:00,2019,1,2,32.092159271240234,31.72824797047936,32.51531540020759,30.9834922795378,10227000,254316690,8161571720.814629,8.161571720814628,,,,,,,,23.848484,9.481927,1.9382148,2.5052524,,,,9.874128405834792,Technology,Software - Application,Canada,21400,2019-Q1
OTEX,OPEN TEXT CORP,2019-03-01 00:00:00-05:00,2019,1,3,32.65312194824219,32.236778351188796,33.00998511034741,31.446577645082705,8671800,254316690,8304233892.043304,8.304233892043305,,,,,,,,23.848484,9.481927,1.9382148,2.5052524,,,,12.694187622389652,Technology,Software - Application,Canada,21400,2019-Q1
OTEX,OPEN TEXT CORP,2019-04-01 00:00:00-04:00,2019,2,4,32.67011642456055,32.763581513654174,33.383846001599885,31.86292175842758,8803200,254316690,8308555871.008873,8.308555871008872,,,,,,,,23.848484,9.481927,1.9382148,2.5052524,,,,10.643508154755121,Technology,Software - Application,Canada,21400,2019-Q2
OTEX,OPEN TEXT CORP,2019-05-01 00:00:00-04:00,2019,2,5,33.74922180175781,32.77209049822156,34.947268028552806,32.517187666379826,12854300,254316690,8582990378.698883,8.582990378698883,,,,,,,,23.848484,9.481927,1.9382148,2.5052524,,,,15.805882552365347,Technology,Software - Application,Canada,21400,2019-Q2
OTEX,OPEN TEXT CORP,2019-06-01 00:00:00-04:00,2019,2,6,35.160953521728516,33.966162558859,36.13385315308687,33.121277407645046,18187200,254316690,8942017316.88984,8.942017316889839,,,,,,,,23.848484,9.481927,1.9382148,2.5052524,,,,19.55295045578329,Technology,Software - Application,Canada,21400,2019-Q2
OTEX,OPEN TEXT CORP,2019-07-01 00:00:00-04:00,2019,3,7,36.38134002685547,35.43404214687907,37.968703690000474,35.16094767317057,12258600,254316690,9252381973.394394,9.252381973394394,,,,,,,,23.848484,9.481927,1.9382148,2.5052524,,,,16.519711032729333,Technology,Software - Application,Canada,21400,2019-Q3
OTEX,OPEN TEXT CORP,2019-08-01 00:00:00-04:00,2019,3,8,33.360233306884766,36.552029880810665,36.92753401957821,31.704597426879197,11604700,254316690,8484064112.234688,8.484064112234687,,,,,,,,23.848484,9.481927,1.9382148,2.5052524,,,,1.2635736056549884,Technology,Software - Application,Canada,21400,2019-Q3
OTEX,OPEN TEXT CORP,2019-09-01 00:00:00-04:00,2019,3,9,34.98711395263672,33.178174248880225,35.964454977125634,33.10101557482029,11860900,254316690,8897807013.087387,8.897807013087387,,,,,,,,23.848484,9.481927,1.9382148,2.5052524,,,,9.15651230900476,Technology,Software - Application,Canada,21400,2019-Q3
OTEX,OPEN TEXT CORP,2019-10-01 00:00:00-04:00,2019,4,10,34.51559066772461,35.150006864749834,36.56458161990816,33.6068364857444,12299500,254316690,8777890772.010612,8.777890772010613,,,,,,,,23.848484,9.481927,1.9382148,2.5052524,,,,21.193862120049232,Technology,Software - Application,Canada,21400,2019-Q4
OTEX,OPEN TEXT CORP,2019-11-01 00:00:00-04:00,2019,4,11,37.361881256103516,34.18980729226241,38.12489296140259,34.02691494816133,9541300,254316690,9501749973.225288,9.501749973225289,,,,,,,,23.848484,9.481927,1.9382148,2.5052524,,,,29.23797085605273,Technology,Software - Application,Canada,21400,2019-Q4
OTEX,OPEN TEXT CORP,2019-12-01 00:00:00-05:00,2019,4,12,38.084922790527344,37.74788860069371,38.6034364215592,36.52937860080251,7357200,254316690,9685631502.992477,9.685631502992477,,,,,,,,23.848484,9.481927,1.9382148,2.5052524,,,,38.039961448990866,Technology,Software - Application,Canada,21400,2019-Q4
OTEX,OPEN TEXT CORP,2020-01-01 00:00:00-05:00,2020,1,1,38.879981994628906,38.11084869235822,40.9453994156107,37.877519858630784,8991000,254316690,9887828328.133621,9.88782832813362,,,,,,,,23.848484,9.481927,1.9382148,2.5052524,,,,28.901443549147455,Technology,Software - Application,Canada,21400,2020-Q1
OTEX,OPEN TEXT CORP,2020-02-01 00:00:00-05:00,2020,1,2,36.2269172668457,38.87998902272071,41.35157470557425,34.72322543935026,9259200,254316690,9213109688.208046,9.213109688208046,,,,,,,,23.848484,9.481927,1.9382148,2.5052524,,,,12.884013072036815,Technology,Software - Application,Canada,21400,2020-Q1
OTEX,OPEN TEXT CORP,2020-03-01 00:00:00-05:00,2020,1,3,30.298931121826172,36.67628578309356,37.743515833616264,25.266464660931604,19238100,254316690,7705523873.440819,7.705523873440819,,,,,,,,23.848484,9.481927,1.9382148,2.5052524,,,,-7.209695998280341,Technology,Software - Application,Canada,21400,2020-Q1
OTEX,OPEN TEXT CORP,2020-04-01 00:00:00-04:00,2020,2,4,32.92796325683594,29.47464899980532,34.012547005019684,29.144934613589122,13753200,254316690,8374130623.9201355,8.374130623920136,,,,,,,,23.848484,9.481927,1.9382148,2.5052524,,,,0.7892436896292931,Technology,Software - Application,Canada,21400,2020-Q2
OTEX,OPEN TEXT CORP,2020-05-01 00:00:00-04:00,2020,2,5,36.04289627075195,34.298883345777156,36.129661666768904,32.103686389649,10993800,254316690,9166310077.59098,9.16631007759098,,,,,,,,23.848484,9.481927,1.9382148,2.5052524,,,,6.7962292063121765,Technology,Software - Application,Canada,21400,2020-Q2
OTEX,OPEN TEXT CORP,2020-06-01 00:00:00-04:00,2020,2,6,37.01762390136719,36.24206686197279,38.38574204766048,35.6582184224503,12346300,254316690,9414199582.26059,9.41419958226059,,,,,,,,23.848484,9.481927,1.9382148,2.5052524,,,,5.2804892748181675,Technology,Software - Application,Canada,21400,2020-Q2
OTEX,OPEN TEXT CORP,2020-07-01 00:00:00-04:00,2020,3,7,39.239723205566406,37.113476851368354,39.727715643460485,36.0677806696962,10387200,254316690,9979316522.155838,9.979316522155838,,,,,,,,23.848484,9.481927,1.9382148,2.5052524,,,,7.856728687291281,Technology,Software - Application,Canada,21400,2020-Q3
OTEX,OPEN TEXT CORP,2020-08-01 00:00:00-04:00,2020,3,8,39.54471969604492,39.38786510270336,41.40954283446512,37.810606502625006,12390600,254316690,10056882220.07595,10.05688222007595,,,,,,,,23.848484,9.481927,1.9382148,2.5052524,,,,18.538498613808628,Technology,Software - Application,Canada,21400,2020-Q3
OTEX,OPEN TEXT CORP,2020-09-01 00:00:00-04:00,2020,3,9,36.8084831237793,39.640575107650285,41.01740578969887,35.370650479220366,11693300,254316690,9361011591.960411,9.36101159196041,,,,,,,,23.848484,9.481927,1.9382148,2.5052524,,,,5.205828561933479,Technology,Software - Application,Canada,21400,2020-Q3
OTEX,OPEN TEXT CORP,2020-10-01 00:00:00-04:00,2020,4,10,32.126651763916016,37.28720980341508,37.532116511525665,31.951716971006892,12926600,254316690,8170343737.381783,8.170343737381783,,,,,,,,23.848484,9.481927,1.9382148,2.5052524,,,,-6.921332816831905,Technology,Software - Application,Canada,21400,2020-Q4
OTEX,OPEN TEXT CORP,2020-11-01 00:00:00-04:00,2020,4,11,38.634193420410156,32.45027340648271,39.14150389933413,31.64557816811057,15040200,254316690,9825320191.49849,9.82532019149849,,,,,,,,23.848484,9.481927,1.9382148,2.5052524,,,,3.405375001289035,Technology,Software - Application,Canada,21400,2020-Q4
OTEX,OPEN TEXT CORP,2020-12-01 00:00:00-05:00,2020,4,12,39.76251983642578,38.782889817888126,40.672177950512314,38.23184647269682,8339800,254316690,10112272430.859146,10.112272430859147,,,,,,,,23.848484,9.481927,1.9382148,2.5052524,,,,4.404884985918089,Technology,Software - Application,Canada,21400,2020-Q4
OTEX,OPEN TEXT CORP,2021-01-01 00:00:00-05:00,2021,1,1,39.35313034057617,40.09995106077362,41.86596745807386,38.37786805425323,11542300,254316690,10008157849.353905,10.008157849353905,,,,,,,,23.848484,9.481927,1.9382148,2.5052524,,,,1.2169458977955072,Technology,Software - Application,Canada,21400,2021-Q1
OTEX,OPEN TEXT CORP,2021-02-01 00:00:00-05:00,2021,1,2,39.15983200073242,39.634284441322144,43.92192238835536,39.04561122392816,11901300,254316690,9958998855.382347,9.958998855382347,,,,,,,,23.848484,9.481927,1.9382148,2.5052524,,,,8.095954486778467,Technology,Software - Application,Canada,21400,2021-Q1
OTEX,OPEN TEXT CORP,2021-03-01 00:00:00-05:00,2021,1,3,41.91868209838867,39.74850733349538,43.73741319912638,38.685381618933384,12250800,254316690,10660620480.424461,10.66062048042446,,,,,,,,23.848484,9.481927,1.9382148,2.5052524,,,,38.35036599093782,Technology,Software - Application,Canada,21400,2021-Q1
OTEX,OPEN TEXT CORP,2021-04-01 00:00:00-04:00,2021,2,4,41.566871643066406,42.30819180557048,44.31152133241555,41.28446428273736,9858200,254316690,10571149209.91951,10.57114920991951,,,,,,,,23.848484,9.481927,1.9382148,2.5052524,,,,26.23578117737666,Technology,Software - Application,Canada,21400,2021-Q2
OTEX,OPEN TEXT CORP,2021-05-01 00:00:00-04:00,2021,2,5,41.46097946166992,41.79633954328027,43.932046128158284,39.82831131592638,11410900,254316690,10544219060.849876,10.544219060849876,,,,,,,,23.848484,9.481927,1.9382148,2.5052524,,,,15.032319129455285,Technology,Software - Application,Canada,21400,2021-Q2
OTEX,OPEN TEXT CORP,2021-06-01 00:00:00-04:00,2021,2,6,44.83222198486328,41.58453314502479,45.7500478236355,41.56688225967585,11050700,254316690,11401582300.53566,11.40158230053566,,,,,,,,23.848484,9.481927,1.9382148,2.5052524,,,,21.110479981961983,Technology,Software - Application,Canada,21400,2021-Q2
OTEX,OPEN TEXT CORP,2021-07-01 00:00:00-04:00,2021,3,7,46.005516052246094,44.97745995982479,46.2891174997557,43.44423857772726,6619900,254316690,11699970564.149094,11.699970564149094,,,,,,,,23.848484,9.481927,1.9382148,2.5052524,,,,17.242203292911906,Technology,Software - Application,Canada,21400,2021-Q3
OTEX,OPEN TEXT CORP,2021-08-01 00:00:00-04:00,2021,3,8,48.5933837890625,46.1118660367222,48.94788391025686,44.37480631472074,7515600,254316690,12358108521.134033,12.358108521134033,,,,,,,,23.848484,9.481927,1.9382148,2.5052524,,,,22.882104520069667,Technology,Software - Application,Canada,21400,2021-Q3
OTEX,OPEN TEXT CORP,2021-09-01 00:00:00-04:00,2021,3,9,43.19608688354492,48.73518277449624,48.96560767600965,42.99224517965758,7736500,254316690,10985485837.17556,10.98548583717556,,,,,,,,23.848484,9.481927,1.9382148,2.5052524,,,,17.353618562018536,Technology,Software - Application,Canada,21400,2021-Q3
OTEX,OPEN TEXT CORP,2021-10-01 00:00:00-04:00,2021,4,10,44.80305099487305,43.71745799285961,45.33695236443885,42.48948857674284,6490800,254316690,11394163630.91732,11.39416363091732,,,,,,,,23.848484,9.481927,1.9382148,2.5052524,,,,39.45757971951156,Technology,Software - Application,Canada,21400,2021-Q4
OTEX,OPEN TEXT CORP,2021-11-01 00:00:00-04:00,2021,4,11,42.18694305419922,44.767457705603974,46.89415604931159,42.0801641442165,10797600,254316690,10728843718.762436,10.728843718762436,,,,,,,,23.848484,9.481927,1.9382148,2.5052524,,,,9.195868527986839,Technology,Software - Application,Canada,21400,2021-Q4
OTEX,OPEN TEXT CORP,2021-12-01 00:00:00-05:00,2021,4,12,42.249229431152344,42.39160243720619,43.423807579706654,40.20261619621318,9943500,254316690,10744684183.981247,10.744684183981247,,,,,,,,23.848484,9.481927,1.9382148,2.5052524,,,,6.253903437096886,Technology,Software - Application,Canada,21400,2021-Q4
OTEX,OPEN TEXT CORP,2022-01-01 00:00:00-05:00,2022,1,1,42.790828704833984,42.451076084566445,42.92493915789366,39.75094401961334,13137400,254316690,10882421918.570366,10.882421918570365,,,,,,,,23.848484,9.481927,1.9382148,2.5052524,,,,8.735514391121457,Technology,Software - Application,Canada,21400,2022-Q1
OTEX,OPEN TEXT CORP,2022-02-01 00:00:00-05:00,2022,1,2,38.89262008666992,42.835526952133634,43.32727204121304,36.62164788833892,14527000,254316690,9891042405.869408,9.891042405869408,,,,,,,,23.848484,9.481927,1.9382148,2.5052524,,,,-0.6823622584936073,Technology,Software - Application,Canada,21400,2022-Q1
OTEX,OPEN TEXT CORP,2022-03-01 00:00:00-05:00,2022,1,3,37.90913009643555,38.87473820569463,39.42906885009626,36.290838231683225,11324100,254316690,9640924486.90487,9.640924486904868,,,,,,,,23.848484,9.481927,1.9382148,2.5052524,,,,-9.565071708462058,Technology,Software - Application,Canada,21400,2022-Q1
OTEX,OPEN TEXT CORP,2022-04-01 00:00:00-04:00,2022,2,4,35.9911003112793,38.24672429099217,39.190310522895096,35.02954058386185,8881200,254316690,9153137500.62252,9.15313750062252,,,,,,,,23.848484,9.481927,1.9382148,2.5052524,,,,-13.413978756126044,Technology,Software - Application,Canada,21400,2022-Q2
OTEX,OPEN TEXT CORP,2022-05-01 00:00:00-04:00,2022,2,5,36.85380554199219,35.901234327696656,37.141378026638385,31.488842545356,15561000,254316690,9372537839.34311,9.372537839343108,,,,,,,,23.848484,9.481927,1.9382148,2.5052524,,,,-11.11207207233732,Technology,Software - Application,Canada,21400,2022-Q2
OTEX,OPEN TEXT CORP,2022-06-01 00:00:00-04:00,2022,2,6,34.00507736206055,36.96165070251034,37.572735874034734,32.585201984667414,11147800,254316690,8648058717.91317,8.64805871791317,,,,,,,,23.848484,9.481927,1.9382148,2.5052524,,,,-24.150363607804913,Technology,Software - Application,Canada,21400,2022-Q2
OTEX,OPEN TEXT CORP,2022-07-01 00:00:00-04:00,2022,3,7,36.95772171020508,34.04809079134145,37.237839144775386,33.20773159362004,10161900,254316690,9398965455.280495,9.398965455280495,,,,,,,,23.848484,9.481927,1.9382148,2.5052524,,,,-19.666759811510214,Technology,Software - Application,Canada,21400,2022-Q3
OTEX,OPEN TEXT CORP,2022-08-01 00:00:00-04:00,2022,3,8,28.445697784423828,36.64145616992277,37.81615076824355,27.858350485263436,16063400,254316690,7234215705.275002,7.234215705275002,,,,,,,,23.848484,9.481927,1.9382148,2.5052524,,,,-41.46178848564473,Technology,Software - Application,Canada,21400,2022-Q3
OTEX,OPEN TEXT CORP,2022-09-01 00:00:00-04:00,2022,3,9,23.891496658325195,28.030038665213734,28.481844568688476,23.855351358765898,23354100,254316690,6076006349.291325,6.076006349291324,,,,,,,,23.848484,9.481927,1.9382148,2.5052524,,,,-44.69059958431929,Technology,Software - Application,Canada,21400,2022-Q3
OTEX,OPEN TEXT CORP,2022-10-01 00:00:00-04:00,2022,4,10,26.36306381225586,24.414290435252475,27.301023150063905,22.684072477859594,16732300,254316690,6704567126.991692,6.704567126991692,,,,,,,,23.848484,9.481927,1.9382148,2.5052524,,,,-41.15788271813751,Technology,Software - Application,Canada,21400,2022-Q4
OTEX,OPEN TEXT CORP,2022-11-01 00:00:00-04:00,2022,4,11,26.754638671875,26.809278396452022,27.392088229991096,23.703991929647394,17097800,254316690,6804151149.177246,6.804151149177246,,,,,,,,23.848484,9.481927,1.9382148,2.5052524,,,,-36.58075998182123,Technology,Software - Application,Canada,21400,2022-Q4
OTEX,OPEN TEXT CORP,2022-12-01 00:00:00-05:00,2022,4,12,26.991405487060547,26.66357582553358,27.692599650646798,25.051740432430737,11759100,254316690,6864364901.917076,6.864364901917076,,,,,,,,23.848484,9.481927,1.9382148,2.5052524,,,,-36.113851422912546,Technology,Software - Application,Canada,21400,2022-Q4
OTEX,OPEN TEXT CORP,2023-01-01 00:00:00-05:00,2023,1,1,30.80681800842285,27.409345759015256,31.513860169619814,26.996138846264763,12144600,254316690,7834687985.334492,7.834687985334492,,,,,,,,23.848484,9.481927,1.9382148,2.5052524,,,,-28.00602619564908,Technology,Software - Application,Canada,21400,2023-Q1
OTEX,OPEN TEXT CORP,2023-02-01 00:00:00-05:00,2023,1,2,31.568952560424805,30.66908176063042,33.46051635278749,29.952855346383853,15271700,254316690,8028511521.934261,8.028511521934261,,,,,,,,23.848484,9.481927,1.9382148,2.5052524,,,,-18.830481232492836,Technology,Software - Application,Canada,21400,2023-Q1
OTEX,OPEN TEXT CORP,2023-03-01 00:00:00-05:00,2023,1,3,35.39799880981445,31.449584519592054,35.44390991147433,30.999647316623197,18810400,254316690,9002301889.935951,9.002301889935952,,,,,,,,23.848484,9.481927,1.9382148,2.5052524,,,,-6.62408047938089,Technology,Software - Application,Canada,21400,2023-Q1
OTEX,OPEN TEXT CORP,2023-04-01 00:00:00-04:00,2023,2,4,35.04064178466797,35.51229136115093,36.76076889357468,34.16208182252616,9012700,254316690,8911420034.15245,8.911420034152451,,,,,,,,23.848484,9.481927,1.9382148,2.5052524,,,,-2.6408154193426014,Technology,Software - Application,Canada,21400,2023-Q2
OTEX,OPEN TEXT CORP,2023-05-01 00:00:00-04:00,2023,2,5,38.490142822265625,34.9851564346959,39.165245834325994,33.76441821001395,12051900,254316690,9788685720.185852,9.788685720185851,,,,,,,,23.848484,9.481927,1.9382148,2.5052524,,,,4.440076828453865,Technology,Software - Application,Canada,21400,2023-Q2
OTEX,OPEN TEXT CORP,2023-06-01 00:00:00-04:00,2023,2,6,38.4254035949707,38.11097174598313,39.99756283990858,36.61279812566762,9476600,254316690,9772221454.18705,9.77222145418705,,,,,,,,23.848484,9.481927,1.9382148,2.5052524,,,,12.999018310841759,Technology,Software - Application,Canada,21400,2023-Q2
OTEX,OPEN TEXT CORP,2023-07-01 00:00:00-04:00,2023,3,7,39.95339584350586,38.47432938578431,40.20455847389789,36.78131036481339,6948300,254316690,10160815385.180168,10.160815385180168,,,,,,,,23.848484,9.481927,1.9382148,2.5052524,,,,8.10567858265352,Technology,Software - Application,Canada,21400,2023-Q3
OTEX,OPEN TEXT CORP,2023-08-01 00:00:00-04:00,2023,3,8,37.451072692871094,39.75804710596758,39.75804710596758,32.930156128803084,11651400,254316690,9524432844.200363,9.524432844200364,,,,,,,,23.848484,9.481927,1.9382148,2.5052524,,,,31.658126218926476,Technology,Software - Application,Canada,21400,2023-Q3
OTEX,OPEN TEXT CORP,2023-09-01 00:00:00-04:00,2023,3,9,32.85737991333008,37.743863409423284,38.090222269849654,32.09913493701741,9784500,254316690,8356180101.630592,8.356180101630592,,,,,,,,23.848484,9.481927,1.9382148,2.5052524,,,,37.527507728908404,Technology,Software - Application,Canada,21400,2023-Q3
OTEX,OPEN TEXT CORP,2023-10-01 00:00:00-04:00,2023,4,10,31.265989303588867,32.782482326407724,33.821562135531046,29.992882639112228,10841400,254316690,7951462909.264126,7.951462909264126,,,,,,,,23.848484,9.481927,1.9382148,2.5052524,,,,18.597707482897707,Technology,Software - Application,Canada,21400,2023-Q4
OTEX,OPEN TEXT CORP,2023-11-01 00:00:00-04:00,2023,4,11,37.57535171508789,31.340876366454022,38.90462612422633,31.069404354387984,13199600,254316690,9556039073.766975,9.556039073766975,,,,,,,,23.848484,9.481927,1.9382148,2.5052524,,,,40.444250344475165,Technology,Software - Application,Canada,21400,2023-Q4
OTEX,OPEN TEXT CORP,2023-12-01 00:00:00-05:00,2023,4,12,39.57852554321289,37.82659596526855,40.31320429794319,37.22378225953568,8917900,254316690,10065479611.230354,10.065479611230355,,,,,,,,23.848484,9.481927,1.9382148,2.5052524,,,,46.63380742505796,Technology,Software - Application,Canada,21400,2023-Q4
OTEX,OPEN TEXT CORP,2024-01-01 00:00:00-05:00,2024,1,1,41.076141357421875,39.17350840204736,41.98036189273263,36.79992680206687,9943800,254316690,10446348307.991638,10.446348307991638,,,,,,,,23.848484,9.481927,1.9382148,2.5052524,,,,33.33457985239274,Technology,Software - Application,Canada,21400,2024-Q1
OTEX,OPEN TEXT CORP,2024-02-01 00:00:00-05:00,2024,1,2,36.253631591796875,41.264525345863134,42.82807484667248,35.613141088520436,15710600,254316690,9219903586.905212,9.219903586905213,,,,,,,,23.848484,9.481927,1.9382148,2.5052524,,,,14.839513672192073,Technology,Software - Application,Canada,21400,2024-Q1
OTEX,OPEN TEXT CORP,2024-03-01 00:00:00-05:00,2024,1,3,36.81180191040039,36.603235313061404,38.44240198278185,35.44664398807587,9692200,254316690,9361855614.788704,9.361855614788704,,,,,,,,23.848484,9.481927,1.9382148,2.5052524,,,,3.9940198545742156,Technology,Software - Application,Canada,21400,2024-Q1
OTEX,OPEN TEXT CORP,2024-04-01 00:00:00-04:00,2024,2,4,33.474754333496094,36.9729642659787,36.9729642659787,32.47932547934712,14755200,254316690,8513188720.657883,8.513188720657883,1362149000.0,1362.149,987716000.0,248229000.0,241042000.0,783399000.0,1.5624554877362686,23.848484,9.481927,1.9382148,2.5052524,,,,-4.468775032131489,Technology,Software - Application,Canada,21400,2024-Q2
OTEX,OPEN TEXT CORP,2024-05-01 00:00:00-04:00,2024,2,5,27.72972297668457,33.474754064537144,34.100450233200114,26.724817282803684,19411200,254316690,7052131362.047367,7.052131362047367,1362149000.0,1362.149,987716000.0,248229000.0,241042000.0,783399000.0,1.2943024885763905,23.848484,9.481927,1.9382148,2.5052524,,0.0,,-27.956300124083743,Technology,Software - Application,Canada,21400,2024-Q2
OTEX,OPEN TEXT CORP,2024-06-01 00:00:00-04:00,2024,2,6,28.727689743041992,27.981763742962226,28.832883102419416,26.33690338589237,14756600,254316690,7305930966.79739,7.30593096679739,1362149000.0,1362.149,987716000.0,248229000.0,241042000.0,783399000.0,1.3408832232739205,23.848484,9.481927,1.9382148,2.5052524,,0.0,,-25.237767061991235,Technology,Software - Application,Canada,21400,2024-Q2
OTEX,OPEN TEXT CORP,2024-07-01 00:00:00-04:00,2024,3,7,30.152597427368164,28.899824094734726,30.554249598131328,28.45035692765281,12533900,254316690,7668308772.630787,7.668308772630787,1269005000.0,1269.005,910358000.0,84368000.0,253378000.0,346064000.0,1.5106931754860673,23.848484,9.481927,1.9382148,2.5052524,,-6.838018454662453,,-24.53057671124279,Technology,Software - Application,Canada,21400,2024-Q3
OTEX,OPEN TEXT CORP,2024-08-01 00:00:00-04:00,2024,3,8,30.429927825927734,30.20041255932159,31.52969098645014,26.2986493789668,15921200,254316690,7738838521.628838,7.738838521628837,1269005000.0,1269.005,910358000.0,84368000.0,253378000.0,346064000.0,1.5245878703450415,23.848484,9.481927,1.9382148,2.5052524,,0.0,-6.838018454662453,-18.747513387726944,Technology,Software - Application,Canada,21400,2024-Q3
OTEX,OPEN TEXT CORP,2024-09-01 00:00:00-04:00,2024,3,9,32.09080505371094,30.441909342333282,32.50544016406486,29.9019203293854,10916500,254316690,8161227320.695038,8.161227320695037,1269005000.0,1269.005,910358000.0,84368000.0,253378000.0,346064000.0,1.607800465856131,23.848484,9.481927,1.9382148,2.5052524,,0.0,-6.838018454662453,-2.3330370882924334,Technology,Software - Application,Canada,21400,2024-Q3
OTEX,OPEN TEXT CORP,2024-10-01 00:00:00-04:00,2024,4,10,28.928007125854492,32.071515615040695,32.97792885915138,28.75443878882846,9531400,254316690,7356875020.543728,7.356875020543728,1334500000.0,1334.5,977976000.0,229862000.0,311037000.0,536447000.0,1.3782081342344938,23.848484,9.481927,1.9382148,2.5052524,,5.16113017679205,-2.029807311828591,-7.477716937189671,Technology,Software - Application,Canada,21400,2024-Q4
OTEX,OPEN TEXT CORP,2024-11-01 00:00:00-04:00,2024,4,11,29.342641830444336,28.68694004933157,29.65120694174608,26.893403040898786,16650200,254316690,7462323546.174145,7.462323546174145,1334500000.0,1334.5,977976000.0,229862000.0,311037000.0,536447000.0,1.397962447765857,23.848484,9.481927,1.9382148,2.5052524,,0.0,5.16113017679205,-21.909867795962157,Technology,Software - Application,Canada,21400,2024-Q4
OTEX,OPEN TEXT CORP,2024-12-01 00:00:00-05:00,2024,4,12,27.544857025146484,29.4901153105963,31.10467953910821,26.309617568651568,14229000,254316690,7005116865.158501,7.0051168651585005,1334500000.0,1334.5,977976000.0,229862000.0,311037000.0,536447000.0,1.3123111399697454,23.848484,9.481927,1.9382148,2.5052524,,0.0,5.16113017679205,-30.40453971668986,Technology,Software - Application,Canada,21400,2024-Q4
OTEX,OPEN TEXT CORP,2025-01-01 00:00:00-05:00,2025,1,1,28.634204864501953,27.690753330243368,29.480391250221178,26.105368511912175,11185400,254316690,7282156201.922035,7.282156201922035,1254363000.0,1254.363,898254000.0,92805000.0,212944000.0,353778000.0,1.4513653946110565,23.848484,9.481927,1.9382148,2.5052524,,-6.005020606968903,-1.1538173608456992,-30.289934939742924,Technology,Software - Application,Canada,21400,2025-Q1
OTEX,OPEN TEXT CORP,2025-02-01 00:00:00-05:00,2025,1,2,25.113285064697266,27.719931557061344,30.880976383743775,24.879854284728637,17034500,254316690,6386727532.680244,6.386727532680244,1254363000.0,1254.363,898254000.0,92805000.0,212944000.0,353778000.0,1.2729025674147445,23.848484,9.481927,1.9382148,2.5052524,,0.0,-6.005020606968903,-30.72891194056361,Technology,Software - Application,Canada,21400,2025-Q1
OTEX,OPEN TEXT CORP,2025-03-01 00:00:00-05:00,2025,1,3,24.568613052368164,25.50233616493048,26.61113468002688,23.93640446301123,36423800,254316690,6248208349.369068,6.248208349369068,1254363000.0,1254.363,898254000.0,92805000.0,212944000.0,353778000.0,1.2452950918850978,23.848484,9.481927,1.9382148,2.5052524,,0.0,-6.005020606968903,-33.258868685189725,Technology,Software - Application,Canada,21400,2025-Q1
OTEX,OPEN TEXT CORP,2025-04-01 00:00:00-04:00,2025,2,4,26.62843894958496,24.7025435245972,26.874088751935084,22.39343688183347,25614900,254316690,6772056453.525524,6.772056453525524,1310537000.0,1310.537,947699000.0,28833000.0,261220000.0,264415000.0,1.2918476268746177,23.848484,9.481927,1.9382148,2.5052524,,4.478288980143708,-1.7956538029224478,-20.452175139820085,Technology,Software - Application,Canada,21400,2025-Q2
OTEX,OPEN TEXT CORP,2025-05-01 00:00:00-04:00,2025,2,5,27.8173828125,26.864262263702212,28.10233747994549,25.262624519021458,27957500,254316690,7074424721.337891,7.07442472133789,1310537000.0,1310.537,947699000.0,28833000.0,261220000.0,264415000.0,1.3495278502892116,23.848484,9.481927,1.9382148,2.5052524,,0.0,4.478288980143708,0.31612229191446684,Technology,Software - Application,Canada,21400,2025-Q2
OTEX,OPEN TEXT CORP,2025-06-01 00:00:00-04:00,2025,2,6,28.691898345947266,27.817383754371942,28.721375123467798,26.9232186025027,36541200,254316690,7296828617.1577835,7.296828617157783,1310537000.0,1310.537,947699000.0,28833000.0,261220000.0,264415000.0,1.3919539503954836,23.848484,9.481927,1.9382148,2.5052524,,0.0,4.478288980143708,-0.12458849776946224,Technology,Software - Application,Canada,21400,2025-Q2
OTEX,OPEN TEXT CORP,2025-07-01 00:00:00-04:00,2025,3,7,29.188194274902344,28.87082379703673,30.556854933617114,27.56166963000245,23241000,254316690,7423044955.070114,7.4230449550701145,,,,,,,,23.848484,9.481927,1.9382148,2.5052524,,0.0,4.478288980143708,-3.198408212721582,Technology,Software - Application,Canada,21400,2025-Q3
OTEX,OPEN TEXT CORP,2025-08-01 00:00:00-04:00,2025,3,8,32.79828643798828,29.049345287619033,33.095820789336635,27.76002535119587,33829800,254316690,8341151644.58107,8.34115164458107,,,,,,,,23.848484,9.481927,1.9382148,2.5052524,,0.0,0.0,7.782991223668279,Technology,Software - Application,Canada,21400,2025-Q3
OTEX,OPEN TEXT CORP,2025-09-01 00:00:00-04:00,2025,3,9,37.0728759765625,32.25280656176336,38.71923677660848,31.955272206739064,36749100,254316690,9428251107.139893,9.428251107139893,,,,,,,,23.848484,9.481927,1.9382148,2.5052524,,0.0,0.0,15.5249172294462,Technology,Software - Application,Canada,21400,2025-Q3
OTEX,OPEN TEXT CORP,2025-10-01 00:00:00-04:00,2025,4,10,39.349998474121094,37.439998626708984,39.900001525878906,36.869998931884766,17960305,254316690,10007361363.443527,10.007361363443527,,,,,,,,23.848484,9.481927,1.9382148,2.5052524,,0.0,0.0,36.02733953612696,Technology,Software - Application,Canada,21400,2025-Q4
