ticker,company_name,date,year,quarter,month,close_price,open_price,high_price,low_price,volume,shares_outstanding,market_cap,market_cap_billions,revenue,revenue_millions,gross_profit,net_income,operating_income,ebitda,ps_ratio,current_pe,forward_pe,current_ps,current_pb,peg_ratio,revenue_qoq_pct,revenue_yoy_pct,market_cap_yoy_pct,sector,industry,country,employees,year_quarter
OTEX CN,OPEN TEXT CORP,2015-01-01 00:00:00-05:00,2015,1,1,29.048141479492188,27.326861007564702,29.934986419706878,26.00062710110102,13191600,254316690,7387427191.716156,7.387427191716156,,,,,,,,23.456522,12.069352,2.6546652,3.4347744,,,,,Technology,Software - Application,Canada,21400,2015-Q1
OTEX CN,OPEN TEXT CORP,2015-02-01 00:00:00-05:00,2015,1,2,29.354511260986328,29.036053545135978,30.92261111497165,27.5526065408593,9988600,254316690,7465342140.461769,7.465342140461769,,,,,,,,23.456522,12.069352,2.6546652,3.4347744,,,,,Technology,Software - Application,Canada,21400,2015-Q1
OTEX CN,OPEN TEXT CORP,2015-03-01 00:00:00-05:00,2015,1,3,27.03049087524414,29.58961524216961,29.820057530670766,26.95367575092734,11612800,254316690,6874304968.467293,6.8743049684672926,,,,,,,,23.456522,12.069352,2.6546652,3.4347744,,,,,Technology,Software - Application,Canada,21400,2015-Q1
OTEX CN,OPEN TEXT CORP,2015-04-01 00:00:00-04:00,2015,2,4,24.645198822021484,27.087079164606315,28.971047643754257,24.31772915048765,14506000,254316690,6267685388.808403,6.267685388808403,,,,,,,,23.456522,12.069352,2.6546652,3.4347744,,,,,Technology,Software - Application,Canada,21400,2015-Q2
OTEX CN,OPEN TEXT CORP,2015-05-01 00:00:00-04:00,2015,2,5,21.414966583251953,24.645201306863836,24.83925782791503,20.586181500426626,18170200,254316690,5446183417.913246,5.446183417913246,,,,,,,,23.456522,12.069352,2.6546652,3.4347744,,,,,Technology,Software - Application,Canada,21400,2015-Q2
OTEX CN,OPEN TEXT CORP,2015-06-01 00:00:00-04:00,2015,2,6,20.60590362548828,21.552321792473496,21.580754809985365,20.09004501572787,10275600,254316690,5240425204.493179,5.240425204493179,,,,,,,,23.456522,12.069352,2.6546652,3.4347744,,,,,Technology,Software - Application,Canada,21400,2015-Q2
OTEX CN,OPEN TEXT CORP,2015-07-01 00:00:00-04:00,2015,3,7,24.111305236816406,20.614028439801686,24.395636973468953,19.36703216355954,12380200,254316690,6131907339.406815,6.131907339406815,,,,,,,,23.456522,12.069352,2.6546652,3.4347744,,,,,Technology,Software - Application,Canada,21400,2015-Q3
OTEX CN,OPEN TEXT CORP,2015-08-01 00:00:00-04:00,2015,3,8,24.23722267150879,24.290027513676236,24.895247952256984,21.934138837340075,10977800,254316690,6163930244.611073,6.163930244611072,,,,,,,,23.456522,12.069352,2.6546652,3.4347744,,,,,Technology,Software - Application,Canada,21400,2015-Q3
OTEX CN,OPEN TEXT CORP,2015-09-01 00:00:00-04:00,2015,3,9,24.386520385742188,23.851944029229678,25.38222271087384,23.851944029229678,10100200,254316690,6201899145.119476,6.2018991451194765,,,,,,,,23.456522,12.069352,2.6546652,3.4347744,,,,,Technology,Software - Application,Canada,21400,2015-Q3
OTEX CN,OPEN TEXT CORP,2015-10-01 00:00:00-04:00,2015,4,10,24.733394622802734,24.45590385028711,25.58627035312975,23.031723222032493,9775600,254316690,6290115052.93499,6.29011505293499,,,,,,,,23.456522,12.069352,2.6546652,3.4347744,,,,,Technology,Software - Application,Canada,21400,2015-Q4
OTEX CN,OPEN TEXT CORP,2015-11-01 00:00:00-04:00,2015,4,11,26.475866317749023,24.72930835970559,26.49627128337577,24.133520101060164,7651800,254316690,6733254686.81242,6.73325468681242,,,,,,,,23.456522,12.069352,2.6546652,3.4347744,,,,,Technology,Software - Application,Canada,21400,2015-Q4
OTEX CN,OPEN TEXT CORP,2015-12-01 00:00:00-05:00,2015,4,12,27.185441970825195,26.591248270639575,28.304169012383483,26.087207224129767,11797600,254316690,6913711618.20734,6.913711618207341,,,,,,,,23.456522,12.069352,2.6546652,3.4347744,,,,,Technology,Software - Application,Canada,21400,2015-Q4
OTEX CN,OPEN TEXT CORP,2016-01-01 00:00:00-05:00,2016,1,1,28.08698081970215,27.693583161220257,28.353344696945722,26.046228707701086,11207200,254316690,7142987994.160137,7.142987994160137,,,,,,,,23.456522,12.069352,2.6546652,3.4347744,,,,-3.3088542358849837,Technology,Software - Application,Canada,21400,2016-Q1
OTEX CN,OPEN TEXT CORP,2016-02-01 00:00:00-05:00,2016,1,2,27.56654930114746,28.02141607796503,28.55824266338987,23.739115342927747,16680600,254316690,7010633572.989635,7.010633572989636,,,,,,,,23.456522,12.069352,2.6546652,3.4347744,,,,-6.09092736698077,Technology,Software - Application,Canada,21400,2016-Q1
OTEX CN,OPEN TEXT CORP,2016-03-01 00:00:00-05:00,2016,1,3,27.570653915405273,27.82472468625484,27.935366543260873,26.21425084161529,8519600,254316690,7011677444.901409,7.011677444901409,,,,,,,,23.456522,12.069352,2.6546652,3.4347744,,,,1.9983471356631588,Technology,Software - Application,Canada,21400,2016-Q1
OTEX CN,OPEN TEXT CORP,2016-04-01 00:00:00-04:00,2016,2,4,28.90513038635254,27.62548664053264,29.616959177825752,26.905430011691116,10254800,254316690,7351057083.875599,7.351057083875599,,,,,,,,23.456522,12.069352,2.6546652,3.4347744,,,,17.285036307049918,Technology,Software - Application,Canada,21400,2016-Q2
OTEX CN,OPEN TEXT CORP,2016-05-01 00:00:00-04:00,2016,2,5,31.608430862426758,28.98742341373274,31.760672547934526,27.95054317444163,12335000,254316690,8038551513.026218,8.038551513026219,,,,,,,,23.456522,12.069352,2.6546652,3.4347744,,,,47.59972068855261,Technology,Software - Application,Canada,21400,2016-Q2
OTEX CN,OPEN TEXT CORP,2016-06-01 00:00:00-04:00,2016,2,6,31.560237884521484,31.70897076830271,32.70465462072393,30.601738829073245,10284200,254316690,8026295234.404106,8.026295234404106,,,,,,,,23.456522,12.069352,2.6546652,3.4347744,,,,53.16114477737992,Technology,Software - Application,Canada,21400,2016-Q2
OTEX CN,OPEN TEXT CORP,2016-07-01 00:00:00-04:00,2016,3,7,32.869903564453125,32.328683167997816,34.48943871424537,31.027272288651503,7926200,254316690,8359365075.13092,8.35936507513092,,,,,,,,23.456522,12.069352,2.6546652,3.4347744,,,,36.32569137842818,Technology,Software - Application,Canada,21400,2016-Q3
OTEX CN,OPEN TEXT CORP,2016-08-01 00:00:00-04:00,2016,3,8,34.0762939453125,32.90295730544526,34.38615354059385,32.526995968905716,7380200,254316690,8666170283.638916,8.666170283638916,,,,,,,,23.456522,12.069352,2.6546652,3.4347744,,,,40.594879236595396,Technology,Software - Application,Canada,21400,2016-Q3
OTEX CN,OPEN TEXT CORP,2016-09-01 00:00:00-04:00,2016,3,9,35.23810958862305,34.189008158079126,36.2830603342515,32.252530154368415,11158200,254316690,8961639392.435875,8.961639392435876,,,,,,,,23.456522,12.069352,2.6546652,3.4347744,,,,44.49830902987433,Technology,Software - Application,Canada,21400,2016-Q3
OTEX CN,OPEN TEXT CORP,2016-10-01 00:00:00-04:00,2016,4,10,34.53318786621094,35.27128864848864,36.129642267510725,34.05632404150255,6069800,254316690,8782366033.282928,8.782366033282928,,,,,,,,23.456522,12.069352,2.6546652,3.4347744,,,,39.62170738331798,Technology,Software - Application,Canada,21400,2016-Q4
OTEX CN,OPEN TEXT CORP,2016-11-01 00:00:00-04:00,2016,4,11,35.49104690551758,34.39633553529322,35.65691293571581,32.965747747550196,10276600,254316690,9025965573.645973,9.025965573645973,,,,,,,,23.456522,12.069352,2.6546652,3.4347744,,,,34.050559402186266,Technology,Software - Application,Canada,21400,2016-Q4
OTEX CN,OPEN TEXT CORP,2016-12-01 00:00:00-05:00,2016,4,12,34.38390350341797,35.603015448393684,35.6154548496882,32.273267386926506,11886400,254316690,8744400528.268661,8.744400528268661,,,,,,,,23.456522,12.069352,2.6546652,3.4347744,,,,26.47910429529894,Technology,Software - Application,Canada,21400,2016-Q4
OTEX CN,OPEN TEXT CORP,2017-01-01 00:00:00-05:00,2017,1,1,36.938232421875,34.40878521960051,38.14075743517561,34.04387924490865,9381800,254316690,9394009003.981934,9.394009003981934,,,,,,,,23.456522,12.069352,2.6546652,3.4347744,,,,31.51371683197779,Technology,Software - Application,Canada,21400,2017-Q1
OTEX CN,OPEN TEXT CORP,2017-02-01 00:00:00-05:00,2017,1,2,36.30792999267578,37.220191463845275,37.73437324644165,35.296153344809504,7317800,254316690,9233712576.489029,9.23371257648903,,,,,,,,23.456522,12.069352,2.6546652,3.4347744,,,,31.710101239129184,Technology,Software - Application,Canada,21400,2017-Q1
OTEX CN,OPEN TEXT CORP,2017-03-01 00:00:00-05:00,2017,1,3,37.48558044433594,36.7225979712237,38.52223917806408,36.233294922358766,8346900,254316690,9533208741.332245,9.533208741332245,,,,,,,,23.456522,12.069352,2.6546652,3.4347744,,,,35.961883818035375,Technology,Software - Application,Canada,21400,2017-Q1
OTEX CN,OPEN TEXT CORP,2017-04-01 00:00:00-04:00,2017,2,4,39.25204849243164,37.58509944808483,39.78281726711452,36.48209618137788,6286500,254316690,9982451048.314705,9.982451048314704,,,,,,,,23.456522,12.069352,2.6546652,3.4347744,,,,35.796130194812626,Technology,Software - Application,Canada,21400,2017-Q2
OTEX CN,OPEN TEXT CORP,2017-05-01 00:00:00-04:00,2017,2,5,36.56502914428711,39.38474233217844,40.03990828626743,35.47860958820483,9596800,254316690,9299097181.72863,9.29909718172863,,,,,,,,23.456522,12.069352,2.6546652,3.4347744,,,,15.68125385101704,Technology,Software - Application,Canada,21400,2017-Q2
OTEX CN,OPEN TEXT CORP,2017-06-01 00:00:00-04:00,2017,2,6,33.94436264038086,36.606502200268714,37.253376405646115,33.33065911873219,11502300,254316690,8632617950.86132,8.63261795086132,,,,,,,,23.456522,12.069352,2.6546652,3.4347744,,,,7.5542040100675445,Technology,Software - Application,Canada,21400,2017-Q2
OTEX CN,OPEN TEXT CORP,2017-07-01 00:00:00-04:00,2017,3,7,34.58293151855469,33.63749938181371,35.84350875541964,33.18966210747399,6992300,254316690,8795016674.295502,8.795016674295502,,,,,,,,23.456522,12.069352,2.6546652,3.4347744,,,,5.211539336410165,Technology,Software - Application,Canada,21400,2017-Q3
OTEX CN,OPEN TEXT CORP,2017-08-01 00:00:00-04:00,2017,3,8,33.32237243652344,34.69905568042359,36.5650421765093,32.808190376752535,9122400,254316690,8474435461.003876,8.474435461003877,,,,,,,,23.456522,12.069352,2.6546652,3.4347744,,,,-2.212451594645226,Technology,Software - Application,Canada,21400,2017-Q3
OTEX CN,OPEN TEXT CORP,2017-09-01 00:00:00-04:00,2017,3,9,33.52847671508789,33.52015012530419,33.703366869297206,32.18767337865086,8548900,254316690,8526851218.923225,8.526851218923225,,,,,,,,23.456522,12.069352,2.6546652,3.4347744,,,,-4.851658881517096,Technology,Software - Application,Canada,21400,2017-Q3
OTEX CN,OPEN TEXT CORP,2017-10-01 00:00:00-04:00,2017,4,10,37.567543029785156,33.6284062767466,37.759086314708355,33.495158636066364,7557600,254316690,9554053194.767532,9.554053194767532,,,,,,,,23.456522,12.069352,2.6546652,3.4347744,,,,8.786779764816298,Technology,Software - Application,Canada,21400,2017-Q4
OTEX CN,OPEN TEXT CORP,2017-11-01 00:00:00-04:00,2017,4,11,35.044185638427734,37.800748467769104,37.800748467769104,34.352960900261266,9001800,254316690,8912321295.310478,8.912321295310479,,,,,,,,23.456522,12.069352,2.6546652,3.4347744,,,,-1.259081672849649,Technology,Software - Application,Canada,21400,2017-Q4
OTEX CN,OPEN TEXT CORP,2017-12-01 00:00:00-05:00,2017,4,12,37.385826110839844,35.069593555226476,37.67849273969477,34.082895118111985,19536300,254316690,9507839549.424362,9.507839549424363,,,,,,,,23.456522,12.069352,2.6546652,3.4347744,,,,8.730604444383294,Technology,Software - Application,Canada,21400,2017-Q4
OTEX CN,OPEN TEXT CORP,2018-01-01 00:00:00-05:00,2018,1,1,35.22010803222656,37.30220989214942,37.39419074396421,34.56788481360144,12282200,254316690,8957061296.198273,8.957061296198273,,,,,,,,23.456522,12.069352,2.6546652,3.4347744,,,,-4.65134435786092,Technology,Software - Application,Canada,21400,2018-Q1
OTEX CN,OPEN TEXT CORP,2018-02-01 00:00:00-05:00,2018,1,2,37.67011642456055,38.46449245007467,41.382778172077586,35.36224828106419,15163300,254316690,9580139321.008873,9.580139321008874,,,,,,,,23.456522,12.069352,2.6546652,3.4347744,,,,3.751760103535373,Technology,Software - Application,Canada,21400,2018-Q1
OTEX CN,OPEN TEXT CORP,2018-03-01 00:00:00-05:00,2018,1,3,37.47779846191406,37.561415657030686,40.30410367597914,36.48273980494348,11656400,254316690,9531229653.321075,9.531229653321075,,,,,,,,23.456522,12.069352,2.6546652,3.4347744,,,,-0.02075993576631241,Technology,Software - Application,Canada,21400,2018-Q1
OTEX CN,OPEN TEXT CORP,2018-04-01 00:00:00-04:00,2018,2,4,38.0469856262207,37.47623864206496,38.99543008952996,35.88150385660576,7953100,254316690,9675983448.938026,9.675983448938027,,,,,,,,23.456522,12.069352,2.6546652,3.4347744,,,,-3.0700636336044806,Technology,Software - Application,Canada,21400,2018-Q2
OTEX CN,OPEN TEXT CORP,2018-05-01 00:00:00-04:00,2018,2,5,37.96305847167969,38.04699375304462,39.8263800945343,35.71364415995721,12271000,254316690,9654639372.794037,9.654639372794037,,,,,,,,23.456522,12.069352,2.6546652,3.4347744,,,,3.82340547815756,Technology,Software - Application,Canada,21400,2018-Q2
OTEX CN,OPEN TEXT CORP,2018-06-01 00:00:00-04:00,2018,2,6,38.83595657348633,38.12252126660651,40.38872207361996,37.963049074194764,9394400,254316690,9876631928.752785,9.876631928752785,,,,,,,,23.456522,12.069352,2.6546652,3.4347744,,,,14.410622420367192,Technology,Software - Application,Canada,21400,2018-Q2
OTEX CN,OPEN TEXT CORP,2018-07-01 00:00:00-04:00,2018,3,7,40.805240631103516,40.03819326764636,42.49105929500441,39.02670142621704,7890300,254316690,10377453731.955757,10.377453731955757,,,,,,,,23.456522,12.069352,2.6546652,3.4347744,,,,17.99242816997857,Technology,Software - Application,Canada,21400,2018-Q3
OTEX CN,OPEN TEXT CORP,2018-08-01 00:00:00-04:00,2018,3,8,43.14012145996094,41.066564237164066,43.81444861996249,40.459668185439895,11016300,254316690,10971252895.895233,10.971252895895233,,,,,,,,23.456522,12.069352,2.6546652,3.4347744,,,,29.462935276110834,Technology,Software - Application,Canada,21400,2018-Q3
OTEX CN,OPEN TEXT CORP,2018-09-01 00:00:00-04:00,2018,3,9,41.589447021484375,43.53564627783269,43.9756570777901,41.335592278045645,9177100,254316690,10576890505.434265,10.576890505434266,,,,,,,,23.456522,12.069352,2.6546652,3.4347744,,,,24.042160861930917,Technology,Software - Application,Canada,21400,2018-Q3
OTEX CN,OPEN TEXT CORP,2018-10-01 00:00:00-04:00,2018,4,10,37.60395431518555,41.6994347438015,41.91097814770129,35.95391834708406,17010600,254316690,9563313192.349205,9.563313192349206,,,,,,,,23.456522,12.069352,2.6546652,3.4347744,,,,0.09692218991144141,Technology,Software - Application,Canada,21400,2018-Q4
OTEX CN,OPEN TEXT CORP,2018-11-01 00:00:00-04:00,2018,4,11,38.52629852294922,36.03854829702224,39.04246514371952,35.62392164541903,14704800,254316690,9797880718.308334,9.797880718308335,,,,,,,,23.456522,12.069352,2.6546652,3.4347744,,,,9.936349842591774,Technology,Software - Application,Canada,21400,2018-Q4
OTEX CN,OPEN TEXT CORP,2018-12-01 00:00:00-05:00,2018,4,12,37.82118606567383,38.85808254137186,39.23204366338088,35.806890097623,13505300,254316690,9618558852.09629,9.61855885209629,,,,,,,,23.456522,12.069352,2.6546652,3.4347744,,,,1.1645053757625812,Technology,Software - Application,Canada,21400,2018-Q4
OTEX CN,OPEN TEXT CORP,2019-01-01 00:00:00-05:00,2019,1,1,39.699485778808594,37.319727010427215,40.76187837560072,36.01935950944642,13613900,254316690,10096241817.968674,10.096241817968673,,,,,,,,23.456522,12.069352,2.6546652,3.4347744,,,,12.718239655833475,Technology,Software - Application,Canada,21400,2019-Q1
OTEX CN,OPEN TEXT CORP,2019-02-01 00:00:00-05:00,2019,1,2,42.39371109008789,41.93475675345932,43.031146588017144,41.042347704791275,11682100,254316690,10781428281.247444,10.781428281247445,,,,,,,,23.456522,12.069352,2.6546652,3.4347744,,,,12.539368374363736,Technology,Software - Application,Canada,21400,2019-Q1
OTEX CN,OPEN TEXT CORP,2019-03-01 00:00:00-05:00,2019,1,3,43.78255844116211,42.79273657891798,44.28600251579861,42.39168697139324,13043300,254316690,11134635342.487907,11.134635342487908,,,,,,,,23.456522,12.069352,2.6546652,3.4347744,,,,16.822652978549723,Technology,Software - Application,Canada,21400,2019-Q1
OTEX CN,OPEN TEXT CORP,2019-04-01 00:00:00-04:00,2019,2,4,43.94467544555664,44.0129405814935,44.78090383041818,42.82685825754679,9849500,254316690,11175864402.43824,11.17586440243824,,,,,,,,23.456522,12.069352,2.6546652,3.4347744,,,,15.501069854194839,Technology,Software - Application,Canada,21400,2019-Q2
OTEX CN,OPEN TEXT CORP,2019-05-01 00:00:00-04:00,2019,2,5,45.856075286865234,44.03002123052659,47.13601780234638,43.748435569753056,11740200,254316690,11661965283.346367,11.661965283346367,,,,,,,,23.456522,12.069352,2.6546652,3.4347744,,,,20.791309059236383,Technology,Software - Application,Canada,21400,2019-Q2
OTEX CN,OPEN TEXT CORP,2019-06-01 00:00:00-04:00,2019,2,6,46.31476974487305,46.17764250640963,47.82316936797061,44.72066355437882,12002700,254316690,11778618939.628258,11.778618939628258,,,,,,,,23.456522,12.069352,2.6546652,3.4347744,,,,19.257445499598113,Technology,Software - Application,Canada,21400,2019-Q2
OTEX CN,OPEN TEXT CORP,2019-07-01 00:00:00-04:00,2019,3,7,48.24311065673828,47.1289517292708,50.265739342888374,46.51187768417542,11102900,254316690,12269028217.525406,12.269028217525406,,,,,,,,23.456522,12.069352,2.6546652,3.4347744,,,,18.227732297614008,Technology,Software - Application,Canada,21400,2019-Q3
OTEX CN,OPEN TEXT CORP,2019-08-01 00:00:00-04:00,2019,3,8,44.64352798461914,48.45738348490549,48.997320131686266,42.44948896341743,14915300,254316690,11353594266.97071,11.353594266970712,,,,,,,,23.456522,12.069352,2.6546652,3.4347744,,,,3.484938089600753,Technology,Software - Application,Canada,21400,2019-Q3
OTEX CN,OPEN TEXT CORP,2019-09-01 00:00:00-04:00,2019,3,9,46.52538299560547,44.73461911363125,47.80818684645797,44.484944734737795,12213700,254316690,11832181404.424667,11.832181404424666,,,,,,,,23.456522,12.069352,2.6546652,3.4347744,,,,11.86824141126781,Technology,Software - Application,Canada,21400,2019-Q3
OTEX CN,OPEN TEXT CORP,2019-10-01 00:00:00-04:00,2019,4,10,45.81940460205078,46.783660202141405,47.214131862711625,44.18361097818868,10472700,254316690,11652639316.164322,11.652639316164322,,,,,,,,23.456522,12.069352,2.6546652,3.4347744,,,,21.847304190420203,Technology,Software - Application,Canada,21400,2019-Q4
OTEX CN,OPEN TEXT CORP,2019-11-01 00:00:00-04:00,2019,4,11,49.78835678100586,45.97437738016803,50.907582507798914,45.1564805198906,10287900,254316690,12662010097.084465,12.662010097084465,,,,,,,,23.456522,12.069352,2.6546652,3.4347744,,,,29.232131530487138,Technology,Software - Application,Canada,21400,2019-Q4
OTEX CN,OPEN TEXT CORP,2019-12-01 00:00:00-05:00,2019,4,12,49.45936584472656,49.84833059861175,50.80778402580574,48.33567963073734,9082900,254316690,12578342211.129913,12.578342211129913,,,,,,,,23.456522,12.069352,2.6546652,3.4347744,,,,30.771588598104383,Technology,Software - Application,Canada,21400,2019-Q4
OTEX CN,OPEN TEXT CORP,2020-01-01 00:00:00-05:00,2020,1,1,51.48197937011719,49.65815456507334,54.360335401477556,49.17410522856788,9689000,254316690,13092726588.056488,13.092726588056488,,,,,,,,23.456522,12.069352,2.6546652,3.4347744,,,,29.679209592175717,Technology,Software - Application,Canada,21400,2020-Q1
OTEX CN,OPEN TEXT CORP,2020-02-01 00:00:00-05:00,2020,1,2,48.57769775390625,51.79315873577575,54.82710572108983,46.69336689108379,13726200,254316690,12354119300.593872,12.354119300593872,,,,,,,,23.456522,12.069352,2.6546652,3.4347744,,,,14.587037805388636,Technology,Software - Application,Canada,21400,2020-Q1
OTEX CN,OPEN TEXT CORP,2020-03-01 00:00:00-05:00,2020,1,3,42.7066764831543,48.694811788606096,50.630106866429394,36.709864179307104,30880900,254316690,10861020604.096642,10.861020604096641,,,,,,,,23.456522,12.069352,2.6546652,3.4347744,,,,-2.457330033496452,Technology,Software - Application,Canada,21400,2020-Q1
OTEX CN,OPEN TEXT CORP,2020-04-01 00:00:00-04:00,2020,2,4,45.6486701965332,41.92561566267757,47.74017763759019,41.37019178344922,17674600,254316690,11609218707.283974,11.609218707283974,,,,,,,,23.456522,12.069352,2.6546652,3.4347744,,,,3.8775909338269132,Technology,Software - Application,Canada,21400,2020-Q2
OTEX CN,OPEN TEXT CORP,2020-05-01 00:00:00-04:00,2020,2,5,49.64076232910156,44.53782995805361,50.16146829508761,44.53782995805361,13975100,254316690,12624474364.6138,12.6244743646138,,,,,,,,23.456522,12.069352,2.6546652,3.4347744,,,,8.253403760701673,Technology,Software - Application,Canada,21400,2020-Q2
OTEX CN,OPEN TEXT CORP,2020-06-01 00:00:00-04:00,2020,2,6,50.24664306640625,49.758556537773295,51.86778083955874,48.75623711596511,14487000,254316690,12778559948.259888,12.778559948259888,,,,,,,,23.456522,12.069352,2.6546652,3.4347744,,,,8.489458855548882,Technology,Software - Application,Canada,21400,2020-Q2
OTEX CN,OPEN TEXT CORP,2020-07-01 00:00:00-04:00,2020,3,7,52.54761505126953,51.118222858486064,53.210015094943316,49.10486971387965,9002100,254316690,13363735527.233047,13.363735527233047,,,,,,,,23.456522,12.069352,2.6546652,3.4347744,,,,8.922526628017135,Technology,Software - Application,Canada,21400,2020-Q3
OTEX CN,OPEN TEXT CORP,2020-08-01 00:00:00-04:00,2020,3,8,51.56272506713867,52.80908599972628,55.78117668709275,49.91543772506872,10772000,254316690,13113261566.454735,13.113261566454735,,,,,,,,23.456522,12.069352,2.6546652,3.4347744,,,,15.49876856708854,Technology,Software - Application,Canada,21400,2020-Q3
OTEX CN,OPEN TEXT CORP,2020-09-01 00:00:00-04:00,2020,3,9,49.052574157714844,51.63245626268737,53.59351337442736,47.26583389864855,13409100,254316690,12474888295.769577,12.474888295769578,,,,,,,,23.456522,12.069352,2.6546652,3.4347744,,,,5.431854612240539,Technology,Software - Application,Canada,21400,2020-Q3
OTEX CN,OPEN TEXT CORP,2020-10-01 00:00:00-04:00,2020,4,10,42.82304000854492,49.541752065913855,49.86543906931052,42.60433194245146,10656400,254316690,10890613790.710716,10.890613790710717,,,,,,,,23.456522,12.069352,2.6546652,3.4347744,,,,-6.539510103917301,Technology,Software - Application,Canada,21400,2020-Q4
OTEX CN,OPEN TEXT CORP,2020-11-01 00:00:00-04:00,2020,4,11,50.15412902832031,43.07673676366077,50.93272911200939,41.94820248322117,16192200,254316690,12755032084.315338,12.755032084315339,,,,,,,,23.456522,12.069352,2.6546652,3.4347744,,,,0.7346541861650513,Technology,Software - Application,Canada,21400,2020-Q4
OTEX CN,OPEN TEXT CORP,2020-12-01 00:00:00-05:00,2020,4,12,50.600284576416016,50.63527865842952,52.017511525769535,49.17430743794945,11873600,254316690,12868496886.532173,12.868496886532172,,,,,,,,23.456522,12.069352,2.6546652,3.4347744,,,,2.306779943906423,Technology,Software - Application,Canada,21400,2020-Q4
OTEX CN,OPEN TEXT CORP,2021-01-01 00:00:00-05:00,2021,1,1,50.33574295043945,51.029969274846586,52.85780516408641,49.043958503103404,10023100,254316690,12801219535.846596,12.801219535846595,,,,,,,,23.456522,12.069352,2.6546652,3.4347744,,,,-2.226480865153113,Technology,Software - Application,Canada,21400,2021-Q1
OTEX CN,OPEN TEXT CORP,2021-02-01 00:00:00-05:00,2021,1,2,49.80848693847656,50.687253464064035,56.00379027342263,49.21092543289881,10524500,254316690,12667129532.101593,12.667129532101592,,,,,,,,23.456522,12.069352,2.6546652,3.4347744,,,,2.5336507110844675,Technology,Software - Application,Canada,21400,2021-Q1
OTEX CN,OPEN TEXT CORP,2021-03-01 00:00:00-05:00,2021,1,3,52.65568923950195,50.22150888421347,54.80866792361584,49.00881012564581,14587200,254316690,13391220597.058754,13.391220597058753,,,,,,,,23.456522,12.069352,2.6546652,3.4347744,,,,23.296153144279575,Technology,Software - Application,Canada,21400,2021-Q1
OTEX CN,OPEN TEXT CORP,2021-04-01 00:00:00-04:00,2021,2,4,51.088951110839844,53.24266514418533,55.64352911829603,50.74471027837064,8406100,254316690,12992772942.080612,12.992772942080613,,,,,,,,23.456522,12.069352,2.6546652,3.4347744,,,,11.917720474406735,Technology,Software - Application,Canada,21400,2021-Q2
OTEX CN,OPEN TEXT CORP,2021-05-01 00:00:00-04:00,2021,2,5,50.17980194091797,51.23018168448396,51.9010095872732,48.25558054283547,12064500,254316690,12761561134.469833,12.761561134469833,,,,,,,,23.456522,12.069352,2.6546652,3.4347744,,,,1.0858810109376504,Technology,Software - Application,Canada,21400,2021-Q2
OTEX CN,OPEN TEXT CORP,2021-06-01 00:00:00-04:00,2021,2,6,55.56410217285156,50.49757261178384,56.685093981263,49.97679694279144,11767300,254316690,14130878547.421417,14.130878547421418,,,,,,,,23.456522,12.069352,2.6546652,3.4347744,,,,10.58271514659741,Technology,Software - Application,Canada,21400,2021-Q2
OTEX CN,OPEN TEXT CORP,2021-07-01 00:00:00-04:00,2021,3,7,57.43899154663086,56.419625422977894,57.82900477344377,55.46230731923109,6571700,254316690,14607694207.07714,14.607694207077142,,,,,,,,23.456522,12.069352,2.6546652,3.4347744,,,,9.3084652663854,Technology,Software - Application,Canada,21400,2021-Q3
OTEX CN,OPEN TEXT CORP,2021-08-01 00:00:00-04:00,2021,3,8,61.34803009033203,57.944241418175686,61.862146117707816,57.16420144209466,6920900,254316690,15601827950.593643,15.601827950593643,,,,,,,,23.456522,12.069352,2.6546652,3.4347744,,,,18.97747842157709,Technology,Software - Application,Canada,21400,2021-Q3
OTEX CN,OPEN TEXT CORP,2021-09-01 00:00:00-04:00,2021,3,9,54.797508239746094,61.43667390913633,61.73805485851887,54.70000323518652,10317600,254316690,13935920915.779953,13.935920915779953,,,,,,,,23.456522,12.069352,2.6546652,3.4347744,,,,11.711789198992939,Technology,Software - Application,Canada,21400,2021-Q3
OTEX CN,OPEN TEXT CORP,2021-10-01 00:00:00-04:00,2021,4,10,55.48135757446289,55.196564224305604,56.024245959139144,53.470004114601466,9085200,254316690,14109835215.04383,14.10983521504383,,,,,,,,23.456522,12.069352,2.6546652,3.4347744,,,,29.55959587033552,Technology,Software - Application,Canada,21400,2021-Q4
OTEX CN,OPEN TEXT CORP,2021-11-01 00:00:00-04:00,2021,4,11,53.89719009399414,55.739448424847744,59.192571780048596,53.71029171354194,11966700,254316690,13706954985.005379,13.706954985005378,,,,,,,,23.456522,12.069352,2.6546652,3.4347744,,,,7.463116473541498,Technology,Software - Application,Canada,21400,2021-Q4
OTEX CN,OPEN TEXT CORP,2021-12-01 00:00:00-05:00,2021,4,12,53.43440246582031,54.03068746356967,55.089765884952,52.04603237993467,11312500,254316690,13589260367.23526,13.58926036723526,,,,,,,,23.456522,12.069352,2.6546652,3.4347744,,,,5.6009919966443,Technology,Software - Application,Canada,21400,2021-Q4
OTEX CN,OPEN TEXT CORP,2022-01-01 00:00:00-05:00,2022,1,1,54.4046630859375,53.733994163976334,54.458317827725864,50.47901487518325,12412400,254316690,13836013836.58081,13.836013836580811,,,,,,,,23.456522,12.069352,2.6546652,3.4347744,,,,8.083560303270598,Technology,Software - Application,Canada,21400,2022-Q1
OTEX CN,OPEN TEXT CORP,2022-02-01 00:00:00-05:00,2022,1,2,49.32547378540039,54.50303976013429,54.86072787963555,47.00048906944489,14562100,254316690,12544291225.784798,12.544291225784798,,,,,,,,23.456522,12.069352,2.6546652,3.4347744,,,,-0.9697406662298125,Technology,Software - Application,Canada,21400,2022-Q1
OTEX CN,OPEN TEXT CORP,2022-03-01 00:00:00-05:00,2022,1,3,47.402889251708984,49.20028430313889,49.736818204676545,46.383472792067835,15118500,254316690,12055345890.931206,12.055345890931205,,,,,,,,23.456522,12.069352,2.6546652,3.4347744,,,,-9.975750130058792,Technology,Software - Application,Canada,21400,2022-Q1
OTEX CN,OPEN TEXT CORP,2022-04-01 00:00:00-04:00,2022,2,4,46.24289321899414,47.842743408700194,48.768498955064125,44.99357169524637,10401900,254316690,11760339539.478035,11.760339539478036,,,,,,,,23.456522,12.069352,2.6546652,3.4347744,,,,-9.48553021049885,Technology,Software - Application,Canada,21400,2022-Q2
OTEX CN,OPEN TEXT CORP,2022-05-01 00:00:00-04:00,2022,2,5,46.593421936035156,46.36872372134144,47.11472001124081,41.16471224616539,16857500,254316690,11849484842.545853,11.849484842545852,,,,,,,,23.456522,12.069352,2.6546652,3.4347744,,,,-7.147058908493575,Technology,Software - Application,Canada,21400,2022-Q2
OTEX CN,OPEN TEXT CORP,2022-06-01 00:00:00-04:00,2022,2,6,43.76222229003906,46.80913290775967,47.42030888664834,42.15338570687101,11916600,254316690,11129463519.846954,11.129463519846954,,,,,,,,23.456522,12.069352,2.6546652,3.4347744,,,,-21.240116228457406,Technology,Software - Application,Canada,21400,2022-Q2
OTEX CN,OPEN TEXT CORP,2022-07-01 00:00:00-04:00,2022,3,7,47.338722229003906,44.28402714625329,47.83578715031835,43.65139749751025,8146800,254316690,12039027146.109695,12.039027146109696,,,,,,,,23.456522,12.069352,2.6546652,3.4347744,,,,-17.58434304931559,Technology,Software - Application,Canada,21400,2022-Q3
OTEX CN,OPEN TEXT CORP,2022-08-01 00:00:00-04:00,2022,3,8,37.38837432861328,47.55562649338718,48.6310980399182,36.502694109299526,13108500,254316690,9508487603.733902,9.508487603733903,,,,,,,,23.456522,12.069352,2.6546652,3.4347744,,,,-39.055297662270995,Technology,Software - Application,Canada,21400,2022-Q3
OTEX CN,OPEN TEXT CORP,2022-09-01 00:00:00-04:00,2022,3,9,32.99612045288086,37.044949189953336,37.044949189953336,32.84248363236147,17051300,254316690,8391464136.417961,8.39146413641796,,,,,,,,23.456522,12.069352,2.6546652,3.4347744,,,,-39.785363399155635,Technology,Software - Application,Canada,21400,2022-Q3
OTEX CN,OPEN TEXT CORP,2022-10-01 00:00:00-04:00,2022,4,10,35.93932342529297,33.33449602243562,37.15976691214414,31.622234722464185,14133000,254316690,9139969774.35997,9.13996977435997,,,,,,,,23.456522,12.069352,2.6546652,3.4347744,,,,-35.222703631471305,Technology,Software - Application,Canada,21400,2022-Q4
OTEX CN,OPEN TEXT CORP,2022-11-01 00:00:00-04:00,2022,4,11,35.97575759887695,36.558655393950914,36.73170556547562,32.02297801739364,17925300,254316690,9149235592.788734,9.149235592788735,,,,,,,,23.456522,12.069352,2.6546652,3.4347744,,,,-33.251144380371336,Technology,Software - Application,Canada,21400,2022-Q4
OTEX CN,OPEN TEXT CORP,2022-12-01 00:00:00-05:00,2022,4,12,36.540435791015625,35.84824559638445,37.478540094416076,34.06312040686945,13246200,254316690,9292842681.528625,9.292842681528626,,,,,,,,23.456522,12.069352,2.6546652,3.4347744,,,,-31.616273215764,Technology,Software - Application,Canada,21400,2022-Q4
OTEX CN,OPEN TEXT CORP,2023-01-01 00:00:00-05:00,2023,1,1,40.98632049560547,37.29452073734611,41.95977778042102,36.59656666189482,12084000,254316690,10423505363.721542,10.423505363721542,,,,,,,,23.456522,12.069352,2.6546652,3.4347744,,,,-24.66395678094071,Technology,Software - Application,Canada,21400,2023-Q1
OTEX CN,OPEN TEXT CORP,2023-02-01 00:00:00-05:00,2023,1,2,43.13526916503906,41.02304331578244,44.916882125824195,40.040400700427156,20092900,254316690,10970018876.311798,10.970018876311798,,,,,,,,23.456522,12.069352,2.6546652,3.4347744,,,,-12.5497114275941,Technology,Software - Application,Canada,21400,2023-Q1
OTEX CN,OPEN TEXT CORP,2023-03-01 00:00:00-05:00,2023,1,3,47.87400436401367,42.89650209466164,48.250531010514315,42.207733582531844,25458000,254316690,12175158326.901512,12.175158326901512,,,,,,,,23.456522,12.069352,2.6546652,3.4347744,,,,0.9938531590407251,Technology,Software - Application,Canada,21400,2023-Q1
OTEX CN,OPEN TEXT CORP,2023-04-01 00:00:00-04:00,2023,2,4,47.45716094970703,48.05835068213502,49.02025848792423,46.587742786367144,8919200,254316690,12069148089.526749,12.069148089526749,,,,,,,,23.456522,12.069352,2.6546652,3.4347744,,,,2.6258472301082803,Technology,Software - Application,Canada,21400,2023-Q2
OTEX CN,OPEN TEXT CORP,2023-05-01 00:00:00-04:00,2023,2,5,52.20195007324219,47.4571615010457,53.08061579973352,45.70907760111391,16262800,254316690,13275827154.17221,13.27582715417221,,,,,,,,23.456522,12.069352,2.6546652,3.4347744,,,,12.037167274184291,Technology,Software - Application,Canada,21400,2023-Q2
OTEX CN,OPEN TEXT CORP,2023-06-01 00:00:00-04:00,2023,2,6,50.96257019042969,51.75799383258166,53.6078149433523,48.428317244496014,15940400,254316690,12960632164.722748,12.960632164722748,,,,,,,,23.456522,12.069352,2.6546652,3.4347744,,,,16.453341543465292,Technology,Software - Application,Canada,21400,2023-Q2
OTEX CN,OPEN TEXT CORP,2023-07-01 00:00:00-04:00,2023,3,7,52.69504165649414,50.95528754852929,52.97414604322037,48.83408995060414,8554000,254316690,13401228573.491707,13.401228573491707,,,,,,,,23.456522,12.069352,2.6546652,3.4347744,,,,11.314879606548555,Technology,Software - Application,Canada,21400,2023-Q3
OTEX CN,OPEN TEXT CORP,2023-08-01 00:00:00-04:00,2023,3,8,50.65757369995117,52.48105940577856,52.5647910733423,44.396316711254855,12268900,254316690,12883066466.802635,12.883066466802635,,,,,,,,23.456522,12.069352,2.6546652,3.4347744,,,,35.49017471236504,Technology,Software - Application,Canada,21400,2023-Q3
OTEX CN,OPEN TEXT CORP,2023-09-01 00:00:00-04:00,2023,3,9,44.62971115112305,51.145820463736534,51.83862290093061,43.300277323780506,10993500,254316690,11350080415.609703,11.350080415609703,,,,,,,,23.456522,12.069352,2.6546652,3.4347744,,,,35.25745008373089,Technology,Software - Application,Canada,21400,2023-Q3
OTEX CN,OPEN TEXT CORP,2023-10-01 00:00:00-04:00,2023,4,10,43.34708786010742,44.554815375148586,46.09021923702836,41.51209317500254,8656100,254316690,11023887905.721703,11.023887905721702,,,,,,,,23.456522,12.069352,2.6546652,3.4347744,,,,20.611863910607454,Technology,Software - Application,Canada,21400,2023-Q4
OTEX CN,OPEN TEXT CORP,2023-11-01 00:00:00-04:00,2023,4,11,50.8275032043457,43.5530564092675,52.859103628466286,43.225376502167784,12601400,254316690,12926282375.893593,12.926282375893592,,,,,,,,23.456522,12.069352,2.6546652,3.4347744,,,,41.282648640962535,Technology,Software - Application,Canada,21400,2023-Q4
OTEX CN,OPEN TEXT CORP,2023-12-01 00:00:00-05:00,2023,4,12,52.4605827331543,51.17945100080354,53.23303133958784,50.46352074531291,10078800,254316690,13341601756.166954,13.341601756166954,,,,,,,,23.456522,12.069352,2.6546652,3.4347744,,,,43.568574368379686,Technology,Software - Application,Canada,21400,2023-Q4
OTEX CN,OPEN TEXT CORP,2024-01-01 00:00:00-05:00,2024,1,1,55.230098724365234,52.2062410781632,56.16268748023748,49.766436356494246,9969300,254316690,14045935895.953789,14.04593589595379,,,,,,,,23.456522,12.069352,2.6546652,3.4347744,,,,34.75251756323667,Technology,Software - Application,Canada,21400,2024-Q1
OTEX CN,OPEN TEXT CORP,2024-02-01 00:00:00-05:00,2024,1,2,49.163543701171875,55.27719554129075,56.52064954377491,48.08965193479793,13620800,254316690,12503109702.75238,12.503109702752381,,,,,,,,23.456522,12.069352,2.6546652,3.4347744,,,,13.975279748616254,Technology,Software - Application,Canada,21400,2024-Q1
OTEX CN,OPEN TEXT CORP,2024-03-01 00:00:00-05:00,2024,1,3,49.83406448364258,49.79613814894489,52.01477809279877,47.92830775890875,13617300,254316690,12673634328.72654,12.67363432872654,,,,,,,,23.456522,12.069352,2.6546652,3.4347744,,,,4.094205499764425,Technology,Software - Application,Canada,21400,2024-Q1
OTEX CN,OPEN TEXT CORP,2024-04-01 00:00:00-04:00,2024,2,4,46.088924407958984,49.853028169799444,50.07109917129904,44.837384284745596,10159300,254316690,11721182701.092339,11.721182701092339,1362149000.0,1362.149,987716000.0,248229000.0,241042000.0,783399000.0,2.1512299133744435,23.456522,12.069352,2.6546652,3.4347744,,,,-2.8830981760540664,Technology,Software - Application,Canada,21400,2024-Q2
OTEX CN,OPEN TEXT CORP,2024-05-01 00:00:00-04:00,2024,2,5,37.81168746948242,45.88981148955363,46.75261562461003,36.45585188341465,19506900,254316690,9616143200.553246,9.616143200553246,1362149000.0,1362.149,987716000.0,248229000.0,241042000.0,783399000.0,1.7648846052365132,23.456522,12.069352,2.6546652,3.4347744,,0.0,,-27.566523058179705,Technology,Software - Application,Canada,21400,2024-Q2
OTEX CN,OPEN TEXT CORP,2024-06-01 00:00:00-04:00,2024,2,6,39.2898063659668,38.14209956184339,39.509782925751054,36.2675102007761,17283300,254316690,9992053505.733604,9.992053505733605,1362149000.0,1362.149,987716000.0,248229000.0,241042000.0,783399000.0,1.8338767465478454,23.456522,12.069352,2.6546652,3.4347744,,0.0,,-22.90458228626572,Technology,Software - Application,Canada,21400,2024-Q2
OTEX CN,OPEN TEXT CORP,2024-07-01 00:00:00-04:00,2024,3,7,41.623477935791016,38.9072398281281,42.149509205728826,38.9072398281281,9152500,254316690,10585545134.918404,10.585545134918403,1269005000.0,1269.005,910358000.0,84368000.0,253378000.0,346064000.0,2.0854025663646722,23.456522,12.069352,2.6546652,3.4347744,,-6.838018454662453,,-21.010636622845645,Technology,Software - Application,Canada,21400,2024-Q3
OTEX CN,OPEN TEXT CORP,2024-08-01 00:00:00-04:00,2024,3,8,41.0113639831543,41.537395194434275,42.50337951707864,36.87962248412502,16061000,254316690,10429874340.581017,10.429874340581016,1269005000.0,1269.005,910358000.0,84368000.0,253378000.0,346064000.0,2.0547346820109094,23.456522,12.069352,2.6546652,3.4347744,,0.0,-6.838018454662453,-19.041989207639787,Technology,Software - Application,Canada,21400,2024-Q3
OTEX CN,OPEN TEXT CORP,2024-09-01 00:00:00-04:00,2024,3,9,43.415611267089844,41.322942195284156,43.79171214943577,40.58038611815354,15779000,254316690,11041314551.772995,11.041314551772995,1269005000.0,1269.005,910358000.0,84368000.0,253378000.0,346064000.0,2.1751913018020015,23.456522,12.069352,2.6546652,3.4347744,,0.0,-6.838018454662453,-2.720384812534582,Technology,Software - Application,Canada,21400,2024-Q3
OTEX CN,OPEN TEXT CORP,2024-10-01 00:00:00-04:00,2024,4,10,40.27178955078125,43.39632669119851,45.826521427355885,40.00176913968116,9924500,254316690,10241788218.931274,10.241788218931275,1334500000.0,1334.5,977976000.0,229862000.0,311037000.0,536447000.0,1.9186564666413028,23.456522,12.069352,2.6546652,3.4347744,,5.16113017679205,-2.029807311828591,-7.094590343072127,Technology,Software - Application,Canada,21400,2024-Q4
OTEX CN,OPEN TEXT CORP,2024-11-01 00:00:00-04:00,2024,4,11,41.12042999267578,38.91203825538683,41.72797959838785,37.725872430069515,18433700,254316690,10457611647.114029,10.457611647114028,1334500000.0,1334.5,977976000.0,229862000.0,311037000.0,536447000.0,1.959087981849762,23.456522,12.069352,2.6546652,3.4347744,,0.0,5.16113017679205,-19.098072106048235,Technology,Software - Application,Canada,21400,2024-Q4
OTEX CN,OPEN TEXT CORP,2024-12-01 00:00:00-05:00,2024,4,12,39.56907653808594,41.47555031405121,43.819735852488684,37.88632128282373,17249100,254316690,10063076571.522675,10.063076571522675,1334500000.0,1334.5,977976000.0,229862000.0,311037000.0,536447000.0,1.885177326999377,23.456522,12.069352,2.6546652,3.4347744,,0.0,5.16113017679205,-24.573699954196503,Technology,Software - Application,Canada,21400,2024-Q4
OTEX CN,OPEN TEXT CORP,2025-01-01 00:00:00-05:00,2025,1,1,41.5922737121582,39.8803388479025,42.62332771084327,37.70150894650918,12653700,254316690,10577609380.050087,10.577609380050086,1254363000.0,1254.363,898254000.0,92805000.0,212944000.0,353778000.0,2.1081635419830795,23.456522,12.069352,2.6546652,3.4347744,,-6.005020606968903,-1.1538173608456992,-24.692740601947516,Technology,Software - Application,Canada,21400,2025-Q1
OTEX CN,OPEN TEXT CORP,2025-02-01 00:00:00-05:00,2025,1,2,36.339744567871094,39.81225192595031,44.15045387602651,35.979849855467045,19866000,254316690,9241803553.946457,9.241803553946458,1254363000.0,1254.363,898254000.0,92805000.0,212944000.0,353778000.0,1.8419316326187987,23.456522,12.069352,2.6546652,3.4347744,,0.0,-6.005020606968903,-26.083960121440775,Technology,Software - Application,Canada,21400,2025-Q1
OTEX CN,OPEN TEXT CORP,2025-03-01 00:00:00-05:00,2025,1,3,35.32814407348633,36.641275708769165,38.03222442107267,34.45272050961613,24131100,254316690,8984536664.61216,8.98453666461216,1254363000.0,1254.363,898254000.0,92805000.0,212944000.0,353778000.0,1.7906572229514421,23.456522,12.069352,2.6546652,3.4347744,,0.0,-6.005020606968903,-29.108443311738384,Technology,Software - Application,Canada,21400,2025-Q1
OTEX CN,OPEN TEXT CORP,2025-04-01 00:00:00-04:00,2025,2,4,36.67170333862305,35.659596961817336,37.22197676837867,31.846996498607908,18962900,254316690,9326226209.740562,9.326226209740563,1310537000.0,1310.537,947699000.0,28833000.0,261220000.0,264415000.0,1.7790848731742337,23.456522,12.069352,2.6546652,3.4347744,,4.478288980143708,-1.7956538029224478,-20.432720421025273,Technology,Software - Application,Canada,21400,2025-Q2
OTEX CN,OPEN TEXT CORP,2025-05-01 00:00:00-04:00,2025,2,5,38.18495178222656,37.074580304559866,38.91209491921002,34.873494121417984,18256300,254316690,9711070545.06546,9.71107054506546,1310537000.0,1310.537,947699000.0,28833000.0,261220000.0,264415000.0,1.8524983546945757,23.456522,12.069352,2.6546652,3.4347744,,0.0,4.478288980143708,0.9871665025407816,Technology,Software - Application,Canada,21400,2025-Q2
OTEX CN,OPEN TEXT CORP,2025-06-01 00:00:00-04:00,2025,2,6,39.09879684448242,38.224257901860824,39.138102892077576,37.094233398301746,20345400,254316690,9943476596.471214,9.943476596471214,1310537000.0,1310.537,947699000.0,28833000.0,261220000.0,264415000.0,1.8968324809736798,23.456522,12.069352,2.6546652,3.4347744,,0.0,4.478288980143708,-0.48615541574628107,Technology,Software - Application,Canada,21400,2025-Q2
OTEX CN,OPEN TEXT CORP,2025-07-01 00:00:00-04:00,2025,3,7,40.445823669433594,39.87057849531841,41.893862452766456,37.787784850849874,15471200,254316690,10286047999.934006,10.286047999934006,,,,,,,,23.456522,12.069352,2.6546652,3.4347744,,0.0,4.478288980143708,-2.829302895289265,Technology,Software - Application,Canada,21400,2025-Q3
OTEX CN,OPEN TEXT CORP,2025-08-01 00:00:00-04:00,2025,3,8,45.04780197143555,39.81107037724953,45.60321438853674,38.20434659874928,22370900,254316690,11456407889.150963,11.456407889150963,,,,,,,,23.456522,12.069352,2.6546652,3.4347744,,0.0,0.0,9.84224272555101,Technology,Software - Application,Canada,21400,2025-Q3
OTEX CN,OPEN TEXT CORP,2025-09-01 00:00:00-04:00,2025,3,9,51.593719482421875,44.56181875608586,53.75585564595678,44.06591603570515,30100200,254316690,13121143963.558044,13.121143963558044,,,,,,,,23.456522,12.069352,2.6546652,3.4347744,,0.0,0.0,18.836791597890624,Technology,Software - Application,Canada,21400,2025-Q3
OTEX CN,OPEN TEXT CORP,2025-10-01 00:00:00-04:00,2025,4,10,53.95000076293945,52.06999969482422,54.02000045776367,51.439998626708984,5356729,254316690,13720385619.528236,13.720385619528237,,,,,,,,23.456522,12.069352,2.6546652,3.4347744,,0.0,0.0,33.96474645088836,Technology,Software - Application,Canada,21400,2025-Q4
