ticker,company_name,date,year,quarter,month,close_price,open_price,high_price,low_price,volume,shares_outstanding,market_cap,market_cap_billions,revenue,revenue_millions,gross_profit,net_income,operating_income,ebitda,ps_ratio,current_pe,forward_pe,current_ps,current_pb,peg_ratio,revenue_qoq_pct,revenue_yoy_pct,market_cap_yoy_pct,user_subscribers_millions,sector,industry,country,employees,year_quarter
OTRK,"Ontrak, Inc.",2015-01-01 00:00:00-05:00,2015,1,1,1214.99755859375,1133.9976806640625,1322.997314453125,1052.9979248046875,144,7084540,8607698803.759766,8.607698803759765,,,,,,,,,-0.014241707,0.041812826,0.054537207,,,,,,Healthcare,Health Information Services,United States,104,2015-Q1
OTRK,"Ontrak, Inc.",2015-02-01 00:00:00-05:00,2015,1,2,1204.197509765625,1214.99755859375,1258.197509765625,928.798095703125,134,7084540,8531185425.834961,8.53118542583496,,,,,,,,,-0.014241707,0.041812826,0.054537207,,,,,,Healthcare,Health Information Services,United States,104,2015-Q1
OTRK,"Ontrak, Inc.",2015-03-01 00:00:00-05:00,2015,1,3,1079.997802734375,1150.1976318359375,1247.3974609375,977.3980102539062,265,7084540,7651287633.383789,7.651287633383789,,,,,,,,,-0.014241707,0.041812826,0.054537207,,,,,,Healthcare,Health Information Services,United States,104,2015-Q1
OTRK,"Ontrak, Inc.",2015-04-01 00:00:00-04:00,2015,2,4,1079.997802734375,1085.3978271484375,1101.5977783203125,901.7981567382812,91,7084540,7651287633.383789,7.651287633383789,,,,,,,,,-0.014241707,0.041812826,0.054537207,,,,,,Healthcare,Health Information Services,United States,104,2015-Q2
OTRK,"Ontrak, Inc.",2015-05-01 00:00:00-04:00,2015,2,5,755.9984741210938,1052.9979248046875,1133.9976806640625,512.9989624023438,2001,7084540,5355901429.8498535,5.355901429849854,,,,,,,,,-0.014241707,0.041812826,0.054537207,,,,,,Healthcare,Health Information Services,United States,104,2015-Q2
OTRK,"Ontrak, Inc.",2015-06-01 00:00:00-04:00,2015,2,6,728.99853515625,772.1984252929688,777.5984497070312,620.9987182617188,187,7084540,5164619282.255859,5.16461928225586,,,,,,,,,-0.014241707,0.041812826,0.054537207,,,,,,Healthcare,Health Information Services,United States,104,2015-Q2
OTRK,"Ontrak, Inc.",2015-07-01 00:00:00-04:00,2015,3,7,869.3982543945312,728.99853515625,912.59814453125,718.1985473632812,617,7084540,6159286709.188232,6.159286709188232,,,,,,,,,-0.014241707,0.041812826,0.054537207,,,,,,Healthcare,Health Information Services,United States,104,2015-Q3
OTRK,"Ontrak, Inc.",2015-08-01 00:00:00-04:00,2015,3,8,539.9989013671875,869.3982543945312,890.9981689453125,464.3990478515625,212,7084540,3825643816.6918945,3.8256438166918945,,,,,,,,,-0.014241707,0.041812826,0.054537207,,,,,,Healthcare,Health Information Services,United States,104,2015-Q3
OTRK,"Ontrak, Inc.",2015-09-01 00:00:00-04:00,2015,3,9,426.59912109375,539.9989013671875,539.9989013671875,329.3993225097656,250,7084540,3022258537.3535156,3.022258537353516,,,,,,,,,-0.014241707,0.041812826,0.054537207,,,,,,Healthcare,Health Information Services,United States,104,2015-Q3
OTRK,"Ontrak, Inc.",2015-10-01 00:00:00-04:00,2015,4,10,269.99945068359375,426.59912109375,426.59912109375,156.5996856689453,1890,7084540,1912821908.3459473,1.9128219083459472,,,,,,,,,-0.014241707,0.041812826,0.054537207,,,,,,Healthcare,Health Information Services,United States,104,2015-Q4
OTRK,"Ontrak, Inc.",2015-11-01 00:00:00-04:00,2015,4,11,188.99961853027344,280.7994384765625,280.7994384765625,167.4536590576172,759,7084540,1338975357.4624634,1.3389753574624634,,,,,,,,,-0.014241707,0.041812826,0.054537207,,,,,,Healthcare,Health Information Services,United States,104,2015-Q4
OTRK,"Ontrak, Inc.",2015-12-01 00:00:00-05:00,2015,4,12,194.23760986328125,188.99961853027344,280.7994384765625,162.21566772460938,1246,7084540,1376084116.5808105,1.3760841165808106,,,,,,,,,-0.014241707,0.041812826,0.054537207,,,,,,Healthcare,Health Information Services,United States,104,2015-Q4
OTRK,"Ontrak, Inc.",2016-01-01 00:00:00-05:00,2016,1,1,170.0996551513672,194.23760986328125,224.09954833984375,160.919677734375,381,7084540,1205077810.906067,1.205077810906067,,,,,,,,,-0.014241707,0.041812826,0.054537207,,,,-86.00000025117399,,Healthcare,Health Information Services,United States,104,2016-Q1
OTRK,"Ontrak, Inc.",2016-02-01 00:00:00-05:00,2016,1,2,269.99945068359375,170.0996551513672,269.99945068359375,132.2997283935547,730,7084540,1912821908.3459473,1.9128219083459472,,,,,,,,,-0.014241707,0.041812826,0.054537207,,,,-77.5784745862708,,Healthcare,Health Information Services,United States,104,2016-Q1
OTRK,"Ontrak, Inc.",2016-03-01 00:00:00-05:00,2016,1,3,280.7994384765625,269.99945068359375,313.1993713378906,191.69961547851562,400,7084540,1989334853.864746,1.9893348538647462,,,,,,,,,-0.014241707,0.041812826,0.054537207,,,,-73.99999909577362,,Healthcare,Health Information Services,United States,104,2016-Q1
OTRK,"Ontrak, Inc.",2016-04-01 00:00:00-04:00,2016,2,4,359.6392822265625,294.2994079589844,415.7991638183594,286.1994323730469,858,7084540,2547878880.505371,2.547878880505371,,,,,,,,,-0.014241707,0.041812826,0.054537207,,,,-66.69999871147742,,Healthcare,Health Information Services,United States,104,2016-Q2
OTRK,"Ontrak, Inc.",2016-05-01 00:00:00-04:00,2016,2,5,359.0992736816406,359.6392822265625,377.9992370605469,176.03964233398438,1168,7084540,2544053168.3685303,2.54405316836853,,,,,,,,,-0.014241707,0.041812826,0.054537207,,,,-52.50000020183624,,Healthcare,Health Information Services,United States,104,2016-Q2
OTRK,"Ontrak, Inc.",2016-06-01 00:00:00-04:00,2016,2,6,350.9992980957031,359.0992736816406,472.4990539550781,224.15354919433594,756,7084540,2486668567.3309326,2.4866685673309328,,,,,,,,,-0.014241707,0.041812826,0.054537207,,,,-51.85185138671484,,Healthcare,Health Information Services,United States,104,2016-Q2
OTRK,"Ontrak, Inc.",2016-07-01 00:00:00-04:00,2016,3,7,588.5988159179688,323.9993591308594,685.798583984375,323.9993591308594,2950,7084540,4169951855.3234863,4.169951855323486,,,,,,,,,-0.014241707,0.041812826,0.054537207,,,,-32.29813690759221,,Healthcare,Health Information Services,United States,104,2016-Q3
OTRK,"Ontrak, Inc.",2016-08-01 00:00:00-04:00,2016,3,8,750.5984497070312,577.798828125,799.1983642578125,496.7989807128906,1283,7084540,5317644740.887451,5.317644740887451,,,,,,,,,-0.014241707,0.041812826,0.054537207,,,,38.999995704924714,,Healthcare,Health Information Services,United States,104,2016-Q3
OTRK,"Ontrak, Inc.",2016-09-01 00:00:00-04:00,2016,3,9,507.5989685058594,772.1984252929688,836.998291015625,396.8992004394531,1787,7084540,3596105196.338501,3.596105196338501,,,,,,,,,-0.014241707,0.041812826,0.054537207,,,,18.98734512261424,,Healthcare,Health Information Services,United States,104,2016-Q3
OTRK,"Ontrak, Inc.",2016-10-01 00:00:00-04:00,2016,4,10,507.5989685058594,506.24896240234375,604.7987670898438,431.9991149902344,732,7084540,3596105196.338501,3.596105196338501,,,,,,,,,-0.014241707,0.041812826,0.054537207,,,,88.00000045211318,,Healthcare,Health Information Services,United States,104,2016-Q4
OTRK,"Ontrak, Inc.",2016-11-01 00:00:00-04:00,2016,4,11,637.19873046875,504.89898681640625,669.5986328125,425.62713623046875,1525,7084540,4514259893.955078,4.514259893955078,,,,,,,,,-0.014241707,0.041812826,0.054537207,,,,237.1428659083168,,Healthcare,Health Information Services,United States,104,2016-Q4
OTRK,"Ontrak, Inc.",2016-12-01 00:00:00-05:00,2016,4,12,480.5990295410156,647.9987182617188,691.1986083984375,458.99908447265625,1016,7084540,3404823048.744507,3.404823048744507,,,,,,,,,-0.014241707,0.041812826,0.054537207,,,,147.42840991468987,,Healthcare,Health Information Services,United States,104,2016-Q4
OTRK,"Ontrak, Inc.",2017-01-01 00:00:00-05:00,2017,1,1,691.1986083984375,480.5990295410156,691.1986083984375,448.1990966796875,1226,7084540,4896824189.143066,4.896824189143066,,,,,,,,,-0.014241707,0.041812826,0.054537207,,,,306.3492120447617,,Healthcare,Health Information Services,United States,104,2017-Q1
OTRK,"Ontrak, Inc.",2017-02-01 00:00:00-05:00,2017,1,2,658.7986450195312,685.798583984375,804.598388671875,572.3988647460938,1430,7084540,4667285352.58667,4.66728535258667,,,,,,,,,-0.014241707,0.041812826,0.054537207,,,,143.99999457464173,,Healthcare,Health Information Services,United States,104,2017-Q1
OTRK,"Ontrak, Inc.",2017-03-01 00:00:00-05:00,2017,1,3,874.7982177734375,674.9986572265625,1096.19775390625,626.3987426757812,2261,7084540,6197542965.744629,6.197542965744629,,,,,,,,,-0.014241707,0.041812826,0.054537207,,,,211.53844983434834,,Healthcare,Health Information Services,United States,104,2017-Q1
OTRK,"Ontrak, Inc.",2017-04-01 00:00:00-04:00,2017,2,4,463.5,880.1982421875,1260.0,414.0,17592,7084540,3283684290.0,3.28368429,,,,,,,,,-0.014241707,0.041812826,0.054537207,,,,28.879136097265423,,Healthcare,Health Information Services,United States,104,2017-Q2
OTRK,"Ontrak, Inc.",2017-05-01 00:00:00-04:00,2017,2,5,358.20001220703125,463.5,486.0,320.3999938964844,17755,7084540,2537682314.481201,2.5376823144812013,,,,,,,,,-0.014241707,0.041812826,0.054537207,,,,-0.2504214128282056,,Healthcare,Health Information Services,United States,104,2017-Q2
OTRK,"Ontrak, Inc.",2017-06-01 00:00:00-04:00,2017,2,6,411.29998779296875,355.5,429.29998779296875,347.3999938964844,8876,7084540,2913871215.518799,2.9138712155187987,,,,,,,,,-0.014241707,0.041812826,0.054537207,,,,17.179718029186517,,Healthcare,Health Information Services,United States,104,2017-Q2
OTRK,"Ontrak, Inc.",2017-07-01 00:00:00-04:00,2017,3,7,390.6000061035156,413.1000061035156,416.70001220703125,375.29998779296875,7428,7084540,2767221367.2406006,2.7672213672406007,,,,,,,,,-0.014241707,0.041812826,0.054537207,,,,-33.639009196044256,,Healthcare,Health Information Services,United States,104,2017-Q3
OTRK,"Ontrak, Inc.",2017-08-01 00:00:00-04:00,2017,3,8,462.6000061035156,388.79998779296875,473.3999938964844,338.3999938964844,10666,7084540,3277308247.2406006,3.2773082472406005,,,,,,,,,-0.014241707,0.041812826,0.054537207,,,,-38.36917645059423,,Healthcare,Health Information Services,United States,104,2017-Q3
OTRK,"Ontrak, Inc.",2017-09-01 00:00:00-04:00,2017,3,9,438.29998779296875,457.20001220703125,489.6000061035156,434.82598876953125,10569,7084540,3105153795.518799,3.105153795518799,,,,,,,,,-0.014241707,0.041812826,0.054537207,,,,-13.652309207182856,,Healthcare,Health Information Services,United States,104,2017-Q3
OTRK,"Ontrak, Inc.",2017-10-01 00:00:00-04:00,2017,4,10,337.5,438.29998779296875,448.20001220703125,300.6000061035156,12963,7084540,2391032250.0,2.39103225,,,,,,,,,-0.014241707,0.041812826,0.054537207,,,,-33.51050318454221,,Healthcare,Health Information Services,United States,104,2017-Q4
OTRK,"Ontrak, Inc.",2017-11-01 00:00:00-04:00,2017,4,11,321.29998779296875,322.20001220703125,386.9100036621094,303.29998779296875,15712,7084540,2276262615.518799,2.276262615518799,,,,,,,,,-0.014241707,0.041812826,0.054537207,,,,-49.576172639796845,,Healthcare,Health Information Services,United States,104,2017-Q4
OTRK,"Ontrak, Inc.",2017-12-01 00:00:00-05:00,2017,4,12,337.5,318.6000061035156,351.0,297.0,9816,7084540,2391032250.0,2.39103225,,,,,,,,,-0.014241707,0.041812826,0.054537207,,,,-29.775139096239723,,Healthcare,Health Information Services,United States,104,2017-Q4
OTRK,"Ontrak, Inc.",2018-01-01 00:00:00-05:00,2018,1,1,450.0,337.5,483.29998779296875,328.4280090332031,18815,7084540,3188043000.0,3.188043,,,,,,,,,-0.014241707,0.041812826,0.054537207,,,,-34.895702258040416,,Healthcare,Health Information Services,United States,104,2018-Q1
OTRK,"Ontrak, Inc.",2018-02-01 00:00:00-05:00,2018,1,2,437.3999938964844,450.8999938964844,454.5,362.70001220703125,11141,7084540,3098777752.7593994,3.0987777527593994,,,,,,,,,-0.014241707,0.041812826,0.054537207,,,,-33.60642174916482,,Healthcare,Health Information Services,United States,104,2018-Q1
OTRK,"Ontrak, Inc.",2018-03-01 00:00:00-05:00,2018,1,3,432.0,433.63800048828125,521.0999755859375,378.8999938964844,14878,7084540,3060521280.0,3.06052128,,,,,,,,,-0.014241707,0.041812826,0.054537207,,,,-50.61718334320122,,Healthcare,Health Information Services,United States,104,2018-Q1
OTRK,"Ontrak, Inc.",2018-04-01 00:00:00-04:00,2018,2,4,467.54998779296875,432.0,481.5,414.8999938964844,4626,7084540,3312376590.518799,3.3123765905187987,,,,,,,,,-0.014241707,0.041812826,0.054537207,,,,0.8737837741032983,,Healthcare,Health Information Services,United States,104,2018-Q2
OTRK,"Ontrak, Inc.",2018-05-01 00:00:00-04:00,2018,2,5,611.0999755859375,456.8039855957031,666.0,439.343994140625,12354,7084540,4329362221.037598,4.329362221037598,,,,,,,,,-0.014241707,0.041812826,0.054537207,,,,70.60300244566602,,Healthcare,Health Information Services,United States,104,2018-Q2
OTRK,"Ontrak, Inc.",2018-06-01 00:00:00-04:00,2018,2,6,604.7999877929688,613.7999877929688,798.8489990234375,561.5999755859375,13327,7084540,4284729705.518799,4.2847297055187985,,,,,,,,,-0.014241707,0.041812826,0.054537207,,,,47.04595325623977,,Healthcare,Health Information Services,United States,104,2018-Q2
OTRK,"Ontrak, Inc.",2018-07-01 00:00:00-04:00,2018,3,7,625.5,620.4149780273438,694.781982421875,564.426025390625,5047,7084540,4431379770.0,4.43137977,,,,,,,,,-0.014241707,0.041812826,0.054537207,,,,60.13824634560603,,Healthcare,Health Information Services,United States,104,2018-Q3
OTRK,"Ontrak, Inc.",2018-08-01 00:00:00-04:00,2018,3,8,817.2000122070312,621.0,882.0,585.0,10621,7084540,5789486174.481201,5.789486174481201,,,,,,,,,-0.014241707,0.041812826,0.054537207,,,,76.65369680608414,,Healthcare,Health Information Services,United States,104,2018-Q3
OTRK,"Ontrak, Inc.",2018-09-01 00:00:00-04:00,2018,3,9,1156.5,817.2000122070312,1286.0909423828125,783.0,24021,7084540,8193270510.0,8.19327051,,,,,,,,,-0.014241707,0.041812826,0.054537207,,,,163.8603769585943,,Healthcare,Health Information Services,United States,104,2018-Q3
OTRK,"Ontrak, Inc.",2018-10-01 00:00:00-04:00,2018,4,10,853.2000122070312,1156.5,1192.5,675.9000244140625,22145,7084540,6044529614.481201,6.044529614481201,,,,,,,,,-0.014241707,0.041812826,0.054537207,,,,152.80000361689815,,Healthcare,Health Information Services,United States,104,2018-Q4
OTRK,"Ontrak, Inc.",2018-11-01 00:00:00-04:00,2018,4,11,1053.9000244140625,864.0,1097.0999755859375,794.7000122070312,12330,7084540,7466396878.962402,7.466396878962402,,,,,,,,,-0.014241707,0.041812826,0.054537207,,,,228.01122454232657,,Healthcare,Health Information Services,United States,104,2018-Q4
OTRK,"Ontrak, Inc.",2018-12-01 00:00:00-05:00,2018,4,12,843.2999877929688,1080.0,1122.237060546875,805.5,13619,7084540,5974392495.518799,5.974392495518799,,,,,,,,,-0.014241707,0.041812826,0.054537207,,,,149.86666304976853,,Healthcare,Health Information Services,United States,104,2018-Q4
OTRK,"Ontrak, Inc.",2019-01-01 00:00:00-05:00,2019,1,1,1006.2000122070312,843.2999877929688,1200.5999755859375,783.656982421875,21400,7084540,7128464234.481201,7.128464234481201,,,,,,,,,-0.014241707,0.041812826,0.054537207,,,,123.60000271267361,,Healthcare,Health Information Services,United States,104,2019-Q1
OTRK,"Ontrak, Inc.",2019-02-01 00:00:00-05:00,2019,1,2,908.0999755859375,1000.7999877929688,1163.699951171875,866.7000122070312,20904,7084540,6433470601.037598,6.433470601037597,,,,,,,,,-0.014241707,0.041812826,0.054537207,,,,107.61316603969813,,Healthcare,Health Information Services,United States,104,2019-Q1
OTRK,"Ontrak, Inc.",2019-03-01 00:00:00-05:00,2019,1,3,1100.699951171875,908.0999755859375,1350.9000244140625,855.0,40318,7084540,7797952832.075195,7.797952832075195,,,,,,,,,-0.014241707,0.041812826,0.054537207,,,,154.79165536385997,,Healthcare,Health Information Services,United States,104,2019-Q1
OTRK,"Ontrak, Inc.",2019-04-01 00:00:00-04:00,2019,2,4,1396.800048828125,1117.800048828125,1440.0,1105.199951171875,28538,7084540,9895685817.924805,9.895685817924806,,,,,,,,,-0.014241707,0.041812826,0.054537207,,,,198.74881516340204,,Healthcare,Health Information Services,United States,104,2019-Q2
OTRK,"Ontrak, Inc.",2019-05-01 00:00:00-04:00,2019,2,5,1598.4000244140625,1385.0999755859375,1874.699951171875,1294.199951171875,40172,7084540,11323928908.962402,11.323928908962403,,,,,,,,,-0.014241707,0.041812826,0.054537207,,,,161.5611337378107,,Healthcare,Health Information Services,United States,104,2019-Q2
OTRK,"Ontrak, Inc.",2019-06-01 00:00:00-04:00,2019,2,6,1729.800048828125,1597.5,1737.0,1504.800048828125,32815,7084540,12254837637.924805,12.254837637924805,,,,,,,,,-0.014241707,0.041812826,0.054537207,,,,186.01191860808353,,Healthcare,Health Information Services,United States,104,2019-Q2
OTRK,"Ontrak, Inc.",2019-07-01 00:00:00-04:00,2019,3,7,1567.800048828125,1728.0,1831.5,1429.199951171875,36118,7084540,11107142157.924805,11.107142157924805,,,,,,,,,-0.014241707,0.041812826,0.054537207,,,,150.6474898206435,,Healthcare,Health Information Services,United States,104,2019-Q3
OTRK,"Ontrak, Inc.",2019-08-01 00:00:00-04:00,2019,3,8,1263.5999755859375,1557.9000244140625,1607.4000244140625,1160.0999755859375,31547,7084540,8952024571.037598,8.952024571037597,,,,,,,,,-0.014241707,0.041812826,0.054537207,,,,54.62554536352775,,Healthcare,Health Information Services,United States,104,2019-Q3
OTRK,"Ontrak, Inc.",2019-09-01 00:00:00-04:00,2019,3,9,1418.4000244140625,1263.5999755859375,1665.0,1225.800048828125,27193,7084540,10048711708.962402,10.048711708962403,,,,,,,,,-0.014241707,0.041812826,0.054537207,,,,22.645916507917207,,Healthcare,Health Information Services,United States,104,2019-Q3
OTRK,"Ontrak, Inc.",2019-10-01 00:00:00-04:00,2019,4,10,1404.9000244140625,1414.800048828125,1445.8499755859375,1152.9000244140625,24772,7084540,9953070418.962402,9.953070418962403,,,,,,,,,-0.014241707,0.041812826,0.054537207,,,,64.6624477629707,,Healthcare,Health Information Services,United States,104,2019-Q4
OTRK,"Ontrak, Inc.",2019-11-01 00:00:00-04:00,2019,4,11,1386.0,1404.0,1437.300048828125,1260.0,19912,7084540,9819172440.0,9.81917244,,,,,,,,,-0.014241707,0.041812826,0.054537207,,,,31.511525561504317,,Healthcare,Health Information Services,United States,104,2019-Q4
OTRK,"Ontrak, Inc.",2019-12-01 00:00:00-05:00,2019,4,12,1467.9000244140625,1399.5,1674.9000244140625,1341.0,23975,7084540,10399396438.962402,10.399396438962402,,,,,,,,,-0.014241707,0.041812826,0.054537207,,,,74.0661740379906,,Healthcare,Health Information Services,United States,104,2019-Q4
OTRK,"Ontrak, Inc.",2020-01-01 00:00:00-05:00,2020,1,1,1540.800048828125,1467.9000244140625,1605.5999755859375,1313.0999755859375,19968,7084540,10915859577.924805,10.915859577924804,,,,,,,,,-0.014241707,0.041812826,0.054537207,,,,53.13059333486638,,Healthcare,Health Information Services,United States,104,2020-Q1
OTRK,"Ontrak, Inc.",2020-02-01 00:00:00-05:00,2020,1,2,1360.800048828125,1543.5,1701.0,1314.9000244140625,23979,7084540,9640642377.924805,9.640642377924804,,,,,,,,,-0.014241707,0.041812826,0.054537207,,,,49.85134736404875,,Healthcare,Health Information Services,United States,104,2020-Q1
OTRK,"Ontrak, Inc.",2020-03-01 00:00:00-05:00,2020,1,3,1370.699951171875,1386.0,1505.699951171875,769.5,54544,7084540,9710778632.075195,9.710778632075195,,,,,,,,,-0.014241707,0.041812826,0.054537207,,,,24.52984573248511,,Healthcare,Health Information Services,United States,104,2020-Q1
OTRK,"Ontrak, Inc.",2020-04-01 00:00:00-04:00,2020,2,4,2739.60009765625,1293.300048828125,2929.490966796875,1232.0999755859375,119426,7084540,19408806475.84961,19.40880647584961,,,,,,,,,-0.014241707,0.041812826,0.054537207,,,,96.13402075370026,,Healthcare,Health Information Services,United States,104,2020-Q2
OTRK,"Ontrak, Inc.",2020-05-01 00:00:00-04:00,2020,2,5,1782.9000244140625,2700.0,2754.0,1590.300048828125,145530,7084540,12631026538.962402,12.631026538962402,,,,,,,,,-0.014241707,0.041812826,0.054537207,,,,11.542792616487452,,Healthcare,Health Information Services,United States,104,2020-Q2
OTRK,"Ontrak, Inc.",2020-06-01 00:00:00-04:00,2020,2,6,2226.60009765625,1786.5,2329.181884765625,1579.5,88692,7084540,15774437455.84961,15.77443745584961,,,,,,,,,-0.014241707,0.041812826,0.054537207,,,,28.72008525867995,,Healthcare,Health Information Services,United States,104,2020-Q2
OTRK,"Ontrak, Inc.",2020-07-01 00:00:00-04:00,2020,3,7,3443.39990234375,2250.0,3739.5,2205.89990234375,85985,7084540,24394904344.15039,24.39490434415039,,,,,,,,,-0.014241707,0.041812826,0.054537207,,,,119.63259313058252,,Healthcare,Health Information Services,United States,104,2020-Q3
OTRK,"Ontrak, Inc.",2020-08-01 00:00:00-04:00,2020,3,8,6565.5,3475.800048828125,7121.7001953125,3195.89990234375,266306,7084540,46513547370.0,46.51354737,,,,,,,,,-0.014241707,0.041812826,0.054537207,,,,419.5869046258524,,Healthcare,Health Information Services,United States,104,2020-Q3
OTRK,"Ontrak, Inc.",2020-09-01 00:00:00-04:00,2020,3,9,5400.0,6593.39990234375,7500.60009765625,5170.5,169246,7084540,38256516000.0,38.256516,,,,,,,,,-0.014241707,0.041812826,0.054537207,,,,280.71065334553464,,Healthcare,Health Information Services,United States,104,2020-Q3
OTRK,"Ontrak, Inc.",2020-10-01 00:00:00-04:00,2020,4,10,5511.60009765625,5408.10009765625,6744.60009765625,4982.39990234375,116628,7084540,39047151355.84961,39.04715135584961,,,,,,,,,-0.014241707,0.041812826,0.054537207,,,,292.31262024890043,,Healthcare,Health Information Services,United States,104,2020-Q4
OTRK,"Ontrak, Inc.",2020-11-01 00:00:00-04:00,2020,4,11,4468.5,5505.2998046875,6157.7998046875,4165.2001953125,111166,7084540,31657266990.0,31.65726699,,,,,,,,,-0.014241707,0.041812826,0.054537207,,,,222.40259740259742,,Healthcare,Health Information Services,United States,104,2020-Q4
OTRK,"Ontrak, Inc.",2020-12-01 00:00:00-05:00,2020,4,12,5561.10009765625,4541.39990234375,7089.2998046875,4365.0,87036,7084540,39397836085.84961,39.39783608584961,,,,,,,,,-0.014241707,0.041812826,0.054537207,,,,278.84733327639657,,Healthcare,Health Information Services,United States,104,2020-Q4
OTRK,"Ontrak, Inc.",2021-01-01 00:00:00-05:00,2021,1,1,7136.10009765625,5561.10009765625,8990.099609375,5242.5,119507,7084540,50555986585.84961,50.55598658584961,,,,,,,,,-0.014241707,0.041812826,0.054537207,,,,363.1425150254701,,Healthcare,Health Information Services,United States,104,2021-Q1
OTRK,"Ontrak, Inc.",2021-02-01 00:00:00-05:00,2021,1,2,5304.60009765625,7161.2998046875,8901.0,5040.0,82522,7084540,37580651575.84961,37.58065157584961,,,,,,,,,-0.014241707,0.041812826,0.054537207,,,,289.8148080038939,,Healthcare,Health Information Services,United States,104,2021-Q1
OTRK,"Ontrak, Inc.",2021-03-01 00:00:00-05:00,2021,1,3,2930.39990234375,3048.300048828125,3571.199951171875,1991.699951171875,468153,7084540,20760535324.15039,20.76053532415039,,,,,,,,,-0.014241707,0.041812826,0.054537207,,,,113.78857567175187,,Healthcare,Health Information Services,United States,104,2021-Q1
OTRK,"Ontrak, Inc.",2021-04-01 00:00:00-04:00,2021,2,4,2937.60009765625,2994.300048828125,3217.490966796875,2552.408935546875,74931,7084540,20811545395.84961,20.81154539584961,,,,,,,,,-0.014241707,0.041812826,0.054537207,,,,7.227332199666314,,Healthcare,Health Information Services,United States,104,2021-Q2
OTRK,"Ontrak, Inc.",2021-05-01 00:00:00-04:00,2021,2,5,2734.199951171875,2923.199951171875,2966.39111328125,2295.0,55652,7084540,19370548922.075195,19.370548922075194,,,,,,,,,-0.014241707,0.041812826,0.054537207,,,,53.35688562068703,,Healthcare,Health Information Services,United States,104,2021-Q2
OTRK,"Ontrak, Inc.",2021-06-01 00:00:00-04:00,2021,2,6,2923.199951171875,2736.0,3748.5,2646.0,99264,7084540,20709526982.075195,20.709526982075197,,,,,,,,,-0.014241707,0.041812826,0.054537207,,,,31.28535987440564,,Healthcare,Health Information Services,United States,104,2021-Q2
OTRK,"Ontrak, Inc.",2021-07-01 00:00:00-04:00,2021,3,7,2430.89990234375,2922.300048828125,3006.0,2227.5,54044,7084540,17221807594.15039,17.22180759415039,,,,,,,,,-0.014241707,0.041812826,0.054537207,,,,-29.404078199306504,,Healthcare,Health Information Services,United States,104,2021-Q3
OTRK,"Ontrak, Inc.",2021-08-01 00:00:00-04:00,2021,3,8,1090.800048828125,2448.0,2655.0,855.9000244140625,209259,7084540,7727816577.924805,7.727816577924805,,,,,,,,,-0.014241707,0.041812826,0.054537207,,,,-83.3858799965254,,Healthcare,Health Information Services,United States,104,2021-Q3
OTRK,"Ontrak, Inc.",2021-09-01 00:00:00-04:00,2021,3,9,903.5999755859375,1096.199951171875,1199.699951171875,842.4000244140625,118898,7084540,6401590171.037598,6.401590171037598,,,,,,,,,-0.014241707,0.041812826,0.054537207,,,,-83.26666711877894,,Healthcare,Health Information Services,United States,104,2021-Q3
OTRK,"Ontrak, Inc.",2021-10-01 00:00:00-04:00,2021,4,10,774.0,903.5999755859375,913.5,761.4000244140625,68757,7084540,5483433960.0,5.48343396,,,,,,,,,-0.014241707,0.041812826,0.054537207,,,,-85.95689116978687,,Healthcare,Health Information Services,United States,104,2021-Q4
OTRK,"Ontrak, Inc.",2021-11-01 00:00:00-04:00,2021,4,11,546.2999877929688,783.0,1331.0999755859375,543.5999755859375,654873,7084540,3870284115.518799,3.870284115518799,,,,,,,,,-0.014241707,0.041812826,0.054537207,,,,-87.77442121980602,,Healthcare,Health Information Services,United States,104,2021-Q4
OTRK,"Ontrak, Inc.",2021-12-01 00:00:00-05:00,2021,4,12,566.0999755859375,558.9000244140625,651.5999755859375,468.0,145444,7084540,4010557921.0375977,4.010557921037598,,,,,,,,,-0.014241707,0.041812826,0.054537207,,,,-89.8203598992127,,Healthcare,Health Information Services,United States,104,2021-Q4
OTRK,"Ontrak, Inc.",2022-01-01 00:00:00-05:00,2022,1,1,311.3999938964844,567.9000244140625,595.7999877929688,242.10000610351562,98929,7084540,2206125712.7593994,2.2061257127593996,,,,,,,,,-0.014241707,0.041812826,0.054537207,,,,-95.63627205847688,,Healthcare,Health Information Services,United States,104,2022-Q1
OTRK,"Ontrak, Inc.",2022-02-01 00:00:00-05:00,2022,1,2,241.1999969482422,311.3999938964844,323.1000061035156,192.60000610351562,67003,7084540,1708791026.3796997,1.7087910263796997,,,,,,,,,-0.014241707,0.041812826,0.054537207,,,,-95.45300319519255,,Healthcare,Health Information Services,United States,104,2022-Q1
OTRK,"Ontrak, Inc.",2022-03-01 00:00:00-05:00,2022,1,3,203.85000610351562,240.3000030517578,268.20001220703125,147.60000610351562,140704,7084540,1444183522.2406006,1.4441835222406005,,,,,,,,,-0.014241707,0.041812826,0.054537207,,,,-93.04361135350587,,Healthcare,Health Information Services,United States,104,2022-Q1
OTRK,"Ontrak, Inc.",2022-04-01 00:00:00-04:00,2022,2,4,107.0999984741211,203.39999389648438,213.3000030517578,104.4000015258789,53939,7084540,758754223.1898499,0.7587542231898499,,,,,,,,,-0.014241707,0.041812826,0.054537207,,,,-96.35416683981015,,Healthcare,Health Information Services,United States,104,2022-Q2
OTRK,"Ontrak, Inc.",2022-05-01 00:00:00-04:00,2022,2,5,171.0,108.0,187.1999969482422,92.69999694824219,192405,7084540,1211456340.0,1.21145634,,,,,,,,,-0.014241707,0.041812826,0.054537207,,,,-93.7458853392668,,Healthcare,Health Information Services,United States,104,2022-Q2
OTRK,"Ontrak, Inc.",2022-06-01 00:00:00-04:00,2022,2,6,95.4000015258789,170.10000610351562,177.3000030517578,95.4000015258789,66236,7084540,675865126.8101501,0.6758651268101501,,,,,,,,,-0.014241707,0.041812826,0.054537207,,,,-96.73645309525836,,Healthcare,Health Information Services,United States,104,2022-Q2
OTRK,"Ontrak, Inc.",2022-07-01 00:00:00-04:00,2022,3,7,58.5,90.9000015258789,125.0999984741211,54.0,71068,7084540,414445590.0,0.41444559,,,,,,,,,-0.014241707,0.041812826,0.054537207,,,,-97.59348379817708,,Healthcare,Health Information Services,United States,104,2022-Q3
OTRK,"Ontrak, Inc.",2022-08-01 00:00:00-04:00,2022,3,8,58.5359992980957,63.55799865722656,151.1999969482422,56.70000076293945,1191192,7084540,414700628.46733093,0.4147006284673309,,,,,,,,,-0.014241707,0.041812826,0.054537207,,,,-94.63366367090077,,Healthcare,Health Information Services,United States,104,2022-Q3
OTRK,"Ontrak, Inc.",2022-09-01 00:00:00-04:00,2022,3,9,42.29999923706055,58.5359992980957,68.4000015258789,41.02199935913086,66411,7084540,299676036.5949249,0.2996760365949249,,,,,,,,,-0.014241707,0.041812826,0.054537207,,,,-95.31872505755312,,Healthcare,Health Information Services,United States,104,2022-Q3
OTRK,"Ontrak, Inc.",2022-10-01 00:00:00-04:00,2022,4,10,34.650001525878906,44.0099983215332,45.720001220703125,32.02199935913086,40277,7084540,245479321.81015015,0.24547932181015014,,,,,,,,,-0.014241707,0.041812826,0.054537207,,,,-95.52325561681151,,Healthcare,Health Information Services,United States,104,2022-Q4
OTRK,"Ontrak, Inc.",2022-11-01 00:00:00-04:00,2022,4,11,38.70000076293945,36.900001525878906,43.20000076293945,31.59000015258789,36483,7084540,274171703.4050751,0.2741717034050751,,,,,,,,,-0.014241707,0.041812826,0.054537207,,,,-92.91597993269485,,Healthcare,Health Information Services,United States,104,2022-Q4
OTRK,"Ontrak, Inc.",2022-12-01 00:00:00-05:00,2022,4,12,33.08399963378906,41.310001373291016,41.39099884033203,30.780000686645508,31374,7084540,234384918.76556396,0.23438491876556397,,,,,,,,,-0.014241707,0.041812826,0.054537207,,,,-94.15580267433403,,Healthcare,Health Information Services,United States,104,2022-Q4
OTRK,"Ontrak, Inc.",2023-01-01 00:00:00-05:00,2023,1,1,103.5,31.049999237060547,148.5,30.600000381469727,2601562,7084540,733249890.0,0.73324989,,,,,,,,,-0.014241707,0.041812826,0.054537207,,,,-66.76300512889365,,Healthcare,Health Information Services,United States,104,2023-Q1
OTRK,"Ontrak, Inc.",2023-02-01 00:00:00-05:00,2023,1,2,55.88999938964844,95.4000015258789,105.30000305175781,54.09000015258789,90974,7084540,395954936.27593994,0.3959549362759399,,,,,,,,,-0.014241707,0.041812826,0.054537207,,,,-76.82835816882636,,Healthcare,Health Information Services,United States,104,2023-Q1
OTRK,"Ontrak, Inc.",2023-03-01 00:00:00-05:00,2023,1,3,47.52000045776367,56.30400085449219,59.625,36.900001525878906,72197,7084540,336657344.04304504,0.33665734404304504,,,,,,,,,-0.014241707,0.041812826,0.054537207,,,,-76.68874219526249,,Healthcare,Health Information Services,United States,104,2023-Q1
OTRK,"Ontrak, Inc.",2023-04-01 00:00:00-04:00,2023,2,4,37.97100067138672,46.106998443603516,49.5,37.007999420166016,15732,7084540,269007073.09646606,0.26900707309646604,,,,,,,,,-0.014241707,0.041812826,0.054537207,,,,-64.54621735539821,,Healthcare,Health Information Services,United States,104,2023-Q2
OTRK,"Ontrak, Inc.",2023-05-01 00:00:00-04:00,2023,2,5,40.5,37.03499984741211,48.41999816894531,36.0,22763,7084540,286923870.0,0.28692387,,,,,,,,,-0.014241707,0.041812826,0.054537207,,,,-76.31578947368422,,Healthcare,Health Information Services,United States,104,2023-Q2
OTRK,"Ontrak, Inc.",2023-06-01 00:00:00-04:00,2023,2,6,42.47999954223633,40.5,61.20000076293945,38.70000076293945,52766,7084540,300951255.95695496,0.30095125595695493,,,,,,,,,-0.014241707,0.041812826,0.054537207,,,,-55.47169930525327,,Healthcare,Health Information Services,United States,104,2023-Q2
OTRK,"Ontrak, Inc.",2023-07-01 00:00:00-04:00,2023,3,7,36.0,40.5,52.992000579833984,31.5,56154,7084540,255043440.0,0.25504344,,,,,,,,,-0.014241707,0.041812826,0.054537207,,,,-38.46153846153846,,Healthcare,Health Information Services,United States,104,2023-Q3
OTRK,"Ontrak, Inc.",2023-08-01 00:00:00-04:00,2023,3,8,13.841999053955078,34.95000076293945,40.480499267578125,13.837498664855957,76158,7084540,98064195.97770691,0.09806419597770691,,,,,,,,,-0.014241707,0.041812826,0.054537207,,,,-76.35301486276089,,Healthcare,Health Information Services,United States,104,2023-Q3
OTRK,"Ontrak, Inc.",2023-09-01 00:00:00-04:00,2023,3,9,12.97499942779541,14.09999942779541,14.69999885559082,11.937149047851562,61258,7084540,91921902.4461937,0.09192190244619369,,,,,,,,,-0.014241707,0.041812826,0.054537207,,,,-69.32624193423733,,Healthcare,Health Information Services,United States,104,2023-Q3
OTRK,"Ontrak, Inc.",2023-10-01 00:00:00-04:00,2023,4,10,16.049999237060547,12.749999046325684,16.499998092651367,9.749999046325684,63077,7084540,113706861.59492493,0.11370686159492492,,,,,,,,,-0.014241707,0.041812826,0.054537207,,,,-53.67965792130385,,Healthcare,Health Information Services,United States,104,2023-Q4
OTRK,"Ontrak, Inc.",2023-11-01 00:00:00-04:00,2023,4,11,8.587498664855957,16.499998092651367,21.29399871826172,8.249999046325684,122878,7084540,60838477.79111862,0.060838477791118624,,,,,,,,,-0.014241707,0.041812826,0.054537207,,,,-77.8100814068209,,Healthcare,Health Information Services,United States,104,2023-Q4
OTRK,"Ontrak, Inc.",2023-12-01 00:00:00-05:00,2023,4,12,6.014998912811279,8.399998664855957,9.07499885559082,5.549999237060547,161144,7084540,42613500.39776802,0.04261350039776802,,,,,,,,,-0.014241707,0.041812826,0.054537207,,,,-81.81900925102148,,Healthcare,Health Information Services,United States,104,2023-Q4
OTRK,"Ontrak, Inc.",2024-01-01 00:00:00-05:00,2024,1,1,3.29849910736084,6.014998912811279,6.299999237060547,3.020998954772949,209857,7084540,23368348.866062164,0.023368348866062164,2680000.0,2.68,1705000.0,-4458000.0,-3983000.0,-3977000.0,2.179883289744605,,-0.014241707,0.041812826,0.054537207,,,,-96.81304434071416,,Healthcare,Health Information Services,United States,104,2024-Q1
OTRK,"Ontrak, Inc.",2024-02-01 00:00:00-05:00,2024,1,2,2.4599990844726562,3.4349989891052246,3.7499990463256836,2.2499990463256836,812015,7084540,17427961.913909912,0.017427961913909912,2680000.0,2.68,1705000.0,-4458000.0,-3983000.0,-3977000.0,1.6257427158498052,,-0.014241707,0.041812826,0.054537207,,0.0,,-95.59849863779336,,Healthcare,Health Information Services,United States,104,2024-Q1
OTRK,"Ontrak, Inc.",2024-03-01 00:00:00-05:00,2024,1,3,7.5989990234375,2.5664989948272705,16.049999237060547,2.024998903274536,25344494,7084540,53835412.541503906,0.0538354125415039,2680000.0,2.68,1705000.0,-4458000.0,-3983000.0,-3977000.0,5.02196012514029,,-0.014241707,0.041812826,0.054537207,,0.0,,-84.00884059293817,,Healthcare,Health Information Services,United States,104,2024-Q1
OTRK,"Ontrak, Inc.",2024-04-01 00:00:00-04:00,2024,2,4,4.109999179840088,8.551499366760254,8.61449909210205,3.601499080657959,3866983,7084540,29117453.589544296,0.029117453589544297,2451000.0,2.451,1607000.0,-10289000.0,-4047000.0,-9644000.0,2.9699565064814664,,-0.014241707,0.041812826,0.054537207,,-8.544776119402986,,-89.17595241850658,0.2,Healthcare,Health Information Services,United States,104,2024-Q2
OTRK,"Ontrak, Inc.",2024-05-01 00:00:00-04:00,2024,2,5,3.7649989128112793,3.986999034881592,4.837499141693115,3.3059990406036377,757868,7084540,26673285.39776802,0.02667328539776802,2451000.0,2.451,1607000.0,-10289000.0,-4047000.0,-9644000.0,2.7206533453455752,,-0.014241707,0.041812826,0.054537207,,0.0,-8.544776119402986,-90.7037063881203,0.2,Healthcare,Health Information Services,United States,104,2024-Q2
OTRK,"Ontrak, Inc.",2024-06-01 00:00:00-04:00,2024,2,6,3.09299898147583,3.7634990215301514,4.093499183654785,2.4524989128112793,372095,7084540,21912475.004224777,0.021912475004224777,2451000.0,2.451,1607000.0,-10289000.0,-4047000.0,-9644000.0,2.235054569994367,,-0.014241707,0.041812826,0.054537207,,0.0,-8.544776119402986,-92.7189288728674,0.2,Healthcare,Health Information Services,United States,104,2024-Q2
OTRK,"Ontrak, Inc.",2024-07-01 00:00:00-04:00,2024,3,7,3.9464991092681885,2.9999990463256836,4.346999168395996,2.714998960494995,375110,7084540,27959130.799574852,0.027959130799574853,2569000.0,2.569,1594000.0,-5580000.0,-5107000.0,-4934000.0,2.7208184896433294,,-0.014241707,0.041812826,0.054537207,,4.814361485108121,-4.141791044776122,-89.03750247425504,,Healthcare,Health Information Services,United States,104,2024-Q3
OTRK,"Ontrak, Inc.",2024-08-01 00:00:00-04:00,2024,3,8,3.1439990997314453,3.9914989471435547,4.04849910736084,2.849998950958252,653095,7084540,22273787.382011414,0.022273787382011412,2569000.0,2.569,1594000.0,-5580000.0,-5107000.0,-4934000.0,2.167554241145525,,-0.014241707,0.041812826,0.054537207,,0.0,4.814361485108121,-77.28652424063625,,Healthcare,Health Information Services,United States,104,2024-Q3
OTRK,"Ontrak, Inc.",2024-09-01 00:00:00-04:00,2024,3,9,2.430000066757202,3.1439990997314453,3.9800000190734863,2.4000000953674316,1985845,7084540,17215432.67294407,0.017215432672944068,2569000.0,2.569,1594000.0,-5580000.0,-5107000.0,-4934000.0,1.6753048533421633,,-0.014241707,0.041812826,0.054537207,,0.0,4.814361485108121,-81.27167496014229,,Healthcare,Health Information Services,United States,104,2024-Q3
OTRK,"Ontrak, Inc.",2024-10-01 00:00:00-04:00,2024,4,10,1.809999942779541,2.450000047683716,5.53000020980835,1.75,104971067,7084540,12823016.99461937,0.012823016994619369,3146000.0,3.146,1918000.0,-5162000.0,-4363000.0,-4040000.0,1.0189937217593268,,-0.014241707,0.041812826,0.054537207,,22.460101206695214,28.355773153814766,-88.72274125346917,,Healthcare,Health Information Services,United States,104,2024-Q4
OTRK,"Ontrak, Inc.",2024-11-01 00:00:00-04:00,2024,4,11,1.7999999523162842,1.8600000143051147,1.9711999893188477,1.7000000476837158,890535,7084540,12752171.662182808,0.012752171662182808,3146000.0,3.146,1918000.0,-5162000.0,-4363000.0,-4040000.0,1.0133639273826134,,-0.014241707,0.041812826,0.054537207,,0.0,22.460101206695214,-79.03929860644145,,Healthcare,Health Information Services,United States,104,2024-Q4
OTRK,"Ontrak, Inc.",2024-12-01 00:00:00-05:00,2024,4,12,1.7899999618530273,1.7999999523162842,2.0699000358581543,1.410099983215332,1340543,7084540,12681326.329746246,0.012681326329746246,3146000.0,3.146,1918000.0,-5162000.0,-4363000.0,-4040000.0,1.0077341330059,,-0.014241707,0.041812826,0.054537207,,0.0,22.460101206695214,-70.24105926203035,,Healthcare,Health Information Services,United States,104,2024-Q4
OTRK,"Ontrak, Inc.",2025-01-01 00:00:00-05:00,2025,1,1,1.6799999475479126,1.7899999618530273,1.9500000476837158,1.6299999952316284,876187,7084540,11902026.828401089,0.011902026828401089,2017000.0,2.017,746000.0,-6891000.0,-5850000.0,-5292000.0,1.475214034258935,,-0.014241707,0.041812826,0.054537207,,-35.886840432294974,-21.48695990657844,-49.06774587875829,,Healthcare,Health Information Services,United States,104,2025-Q1
OTRK,"Ontrak, Inc.",2025-02-01 00:00:00-05:00,2025,1,2,1.4800000190734863,1.6200000047683716,1.753000020980835,1.3600000143051147,483708,7084540,10485119.335126877,0.010485119335126877,2017000.0,2.017,746000.0,-6891000.0,-5850000.0,-5292000.0,1.2995933732185023,,-0.014241707,0.041812826,0.054537207,,0.0,-35.886840432294974,-39.837375208180205,,Healthcare,Health Information Services,United States,104,2025-Q1
OTRK,"Ontrak, Inc.",2025-03-01 00:00:00-05:00,2025,1,3,1.4500000476837158,1.5,1.7300000190734863,1.2699999809265137,238544,7084540,10272583.337817192,0.010272583337817193,2017000.0,2.017,746000.0,-6891000.0,-5850000.0,-5292000.0,1.2732502897641538,,-0.014241707,0.041812826,0.054537207,,0.0,-35.886840432294974,-80.91853883371351,,Healthcare,Health Information Services,United States,104,2025-Q1
OTRK,"Ontrak, Inc.",2025-04-01 00:00:00-04:00,2025,2,4,1.4500000476837158,1.4500000476837158,1.7799999713897705,1.3538999557495117,425033,7084540,10272583.337817192,0.010272583337817193,,,,,,,,,-0.014241707,0.041812826,0.054537207,,0.0,-35.886840432294974,-64.72018644684663,7.7,Healthcare,Health Information Services,United States,104,2025-Q2
OTRK,"Ontrak, Inc.",2025-05-01 00:00:00-04:00,2025,2,5,1.4700000286102295,1.4500000476837158,1.7799999713897705,1.409999966621399,499568,7084540,10414274.002690315,0.010414274002690314,,,,,,,,,-0.014241707,0.041812826,0.054537207,,0.0,0.0,-60.956163264530716,7.7,Healthcare,Health Information Services,United States,104,2025-Q2
OTRK,"Ontrak, Inc.",2025-06-01 00:00:00-04:00,2025,2,6,0.499099999666214,1.5,1.5499999523162842,0.47999998927116394,5003005,7084540,3535893.9116352797,0.0035358939116352794,,,,,,,,,-0.014241707,0.041812826,0.054537207,,0.0,0.0,-83.86355758099644,7.7,Healthcare,Health Information Services,United States,104,2025-Q2
OTRK,"Ontrak, Inc.",2025-07-01 00:00:00-04:00,2025,3,7,0.30640000104904175,0.49889999628067017,0.7099999785423279,0.25,42852766,7084540,2170703.063431978,0.0021707030634319784,,,,,,,,,-0.014241707,0.041812826,0.054537207,,0.0,0.0,-92.23615684266913,,Healthcare,Health Information Services,United States,104,2025-Q3
OTRK,"Ontrak, Inc.",2025-08-01 00:00:00-04:00,2025,3,8,0.07240000367164612,0.26100000739097595,0.6255999803543091,0.05000000074505806,206031752,7084540,512920.7220119238,0.0005129207220119238,,,,,,,,,-0.014241707,0.041812826,0.054537207,,0.0,0.0,-97.69720024163396,,Healthcare,Health Information Services,United States,104,2025-Q3
OTRK,"Ontrak, Inc.",2025-09-01 00:00:00-04:00,2025,3,9,0.05000000074505806,0.07240000367164612,0.07410000264644623,0.009999999776482582,3083237,7084540,354227.0052783936,0.00035422700527839364,,,,,,,,,-0.014241707,0.041812826,0.054537207,,0.0,0.0,-97.94238685714186,,Healthcare,Health Information Services,United States,104,2025-Q3
OTRK,"Ontrak, Inc.",2025-10-01 00:00:00-04:00,2025,4,10,9.999999747378752e-05,0.03150000050663948,0.09489999711513519,9.999999747378752e-05,1172414,7084540,708.4539821029466,7.084539821029466e-07,,,,,,,,,-0.014241707,0.041812826,0.054537207,,0.0,0.0,-99.99447513808646,,Healthcare,Health Information Services,United States,104,2025-Q4
