ticker,company_name,date,year,quarter,month,close_price,open_price,high_price,low_price,volume,shares_outstanding,market_cap,market_cap_billions,revenue,revenue_millions,gross_profit,net_income,operating_income,ebitda,ps_ratio,current_pe,forward_pe,current_ps,current_pb,peg_ratio,revenue_qoq_pct,revenue_yoy_pct,market_cap_yoy_pct,sector,industry,country,employees,year_quarter
PANW,"Palo Alto Networks, Inc.",2015-01-01 00:00:00-05:00,2015,1,1,21.065000534057617,20.433332443237305,21.666667938232422,19.600000381469727,125312400,676870933,14258286565.133078,14.258286565133078,,,,,,,,134.85094,30.154167,15.936175,18.53265,,,,,Technology,Software - Infrastructure,United States,16068,2015-Q1
PANW,"Palo Alto Networks, Inc.",2015-02-01 00:00:00-05:00,2015,1,2,23.703332901000977,21.02666664123535,24.3799991607666,20.218332290649414,127668600,676870933,16044097055.910128,16.04409705591013,,,,,,,,134.85094,30.154167,15.936175,18.53265,,,,,Technology,Software - Infrastructure,United States,16068,2015-Q1
PANW,"Palo Alto Networks, Inc.",2015-03-01 00:00:00-05:00,2015,1,3,24.34666633605957,23.703332901000977,25.073333740234375,22.344999313354492,237011400,676870933,16479550758.328333,16.479550758328333,,,,,,,,134.85094,30.154167,15.936175,18.53265,,,,,Technology,Software - Infrastructure,United States,16068,2015-Q1
PANW,"Palo Alto Networks, Inc.",2015-04-01 00:00:00-04:00,2015,2,4,24.6200008392334,24.406667709350586,26.373332977294922,23.25666618347168,145206000,676870933,16664562938.512693,16.66456293851269,,,,,,,,134.85094,30.154167,15.936175,18.53265,,,,,Technology,Software - Infrastructure,United States,16068,2015-Q2
PANW,"Palo Alto Networks, Inc.",2015-05-01 00:00:00-04:00,2015,2,5,28.248332977294922,25.011667251586914,28.30666732788086,24.06999969482422,167696400,676870933,19120475498.03628,19.12047549803628,,,,,,,,134.85094,30.154167,15.936175,18.53265,,,,,Technology,Software - Infrastructure,United States,16068,2015-Q2
PANW,"Palo Alto Networks, Inc.",2015-06-01 00:00:00-04:00,2015,2,6,29.116666793823242,28.321666717529297,30.833332061767578,27.899999618530273,195173400,676870933,19708225418.58526,19.708225418585258,,,,,,,,134.85094,30.154167,15.936175,18.53265,,,,,Technology,Software - Infrastructure,United States,16068,2015-Q2
PANW,"Palo Alto Networks, Inc.",2015-07-01 00:00:00-04:00,2015,3,7,30.97166633605957,29.43166732788086,33.42499923706055,27.969999313354492,181563600,676870933,20963820689.45333,20.963820689453332,,,,,,,,134.85094,30.154167,15.936175,18.53265,,,,,Technology,Software - Infrastructure,United States,16068,2015-Q3
PANW,"Palo Alto Networks, Inc.",2015-08-01 00:00:00-04:00,2015,3,8,27.3700008392334,31.058332443237305,31.833332061767578,23.398332595825195,212109000,676870933,18525958004.262695,18.525958004262694,,,,,,,,134.85094,30.154167,15.936175,18.53265,,,,,Technology,Software - Infrastructure,United States,16068,2015-Q3
PANW,"Palo Alto Networks, Inc.",2015-09-01 00:00:00-04:00,2015,3,9,28.666667938232422,26.71500015258789,31.6200008392334,26.433332443237305,223823400,676870933,19403634273.352566,19.403634273352566,,,,,,,,134.85094,30.154167,15.936175,18.53265,,,,,Technology,Software - Infrastructure,United States,16068,2015-Q3
PANW,"Palo Alto Networks, Inc.",2015-10-01 00:00:00-04:00,2015,4,10,26.833332061767578,28.421667098999023,29.793333053588867,25.03499984741211,211847400,676870933,18162702508.147434,18.162702508147433,,,,,,,,134.85094,30.154167,15.936175,18.53265,,,,,Technology,Software - Infrastructure,United States,16068,2015-Q4
PANW,"Palo Alto Networks, Inc.",2015-11-01 00:00:00-04:00,2015,4,11,31.22333335876465,26.96666717529297,31.383333206176758,25.479999542236328,216495000,676870933,21134166781.917053,21.134166781917052,,,,,,,,134.85094,30.154167,15.936175,18.53265,,,,,Technology,Software - Infrastructure,United States,16068,2015-Q4
PANW,"Palo Alto Networks, Inc.",2015-12-01 00:00:00-05:00,2015,4,12,29.356666564941406,31.25,32.45500183105469,28.94333267211914,164778600,676870933,19870674287.581795,19.870674287581796,,,,,,,,134.85094,30.154167,15.936175,18.53265,,,,,Technology,Software - Infrastructure,United States,16068,2015-Q4
PANW,"Palo Alto Networks, Inc.",2016-01-01 00:00:00-05:00,2016,1,1,24.915000915527344,28.825000762939453,28.959999084472656,22.648332595825195,224005800,676870933,16864239915.388847,16.864239915388847,,,,,,,,134.85094,30.154167,15.936175,18.53265,,,,18.276763749638157,Technology,Software - Infrastructure,United States,16068,2016-Q1
PANW,"Palo Alto Networks, Inc.",2016-02-01 00:00:00-05:00,2016,1,2,24.13166618347168,24.64666748046875,25.655000686645508,18.514999389648438,416283600,676870933,16334023404.451025,16.334023404451024,,,,,,,,134.85094,30.154167,15.936175,18.53265,,,,1.8070593036839,Technology,Software - Infrastructure,United States,16068,2016-Q1
PANW,"Palo Alto Networks, Inc.",2016-03-01 00:00:00-05:00,2016,1,3,27.190000534057617,24.456666946411133,27.54833221435547,23.956666946411133,192996000,676870933,18404121029.75808,18.40412102975808,,,,,,,,134.85094,30.154167,15.936175,18.53265,,,,11.67853602111768,Technology,Software - Infrastructure,United States,16068,2016-Q1
PANW,"Palo Alto Networks, Inc.",2016-04-01 00:00:00-04:00,2016,2,4,25.145000457763672,26.86166763305664,27.291667938232422,22.459999084472656,225303000,676870933,17019919920.131924,17.019919920131922,,,,,,,,134.85094,30.154167,15.936175,18.53265,,,,2.1324110505051452,Technology,Software - Infrastructure,United States,16068,2016-Q2
PANW,"Palo Alto Networks, Inc.",2016-05-01 00:00:00-04:00,2016,2,5,21.74333381652832,25.274999618530273,25.331666946411133,21.375,287150400,676870933,14717430646.923975,14.717430646923974,,,,,,,,134.85094,30.154167,15.936175,18.53265,,,,-23.027904570493085,Technology,Software - Infrastructure,United States,16068,2016-Q2
PANW,"Palo Alto Networks, Inc.",2016-06-01 00:00:00-04:00,2016,2,6,20.440000534057617,21.74333381652832,23.47166633605957,19.106666564941406,238866600,676870933,13835242232.008078,13.835242232008078,,,,,,,,134.85094,30.154167,15.936175,18.53265,,,,-29.799655026468486,Technology,Software - Infrastructure,United States,16068,2016-Q2
PANW,"Palo Alto Networks, Inc.",2016-07-01 00:00:00-04:00,2016,3,7,21.815000534057617,20.44499969482422,22.450000762939453,19.503332138061523,147169800,676870933,14765939764.883078,14.765939764883077,,,,,,,,134.85094,30.154167,15.936175,18.53265,,,,-29.564653392061967,Technology,Software - Infrastructure,United States,16068,2016-Q3
PANW,"Palo Alto Networks, Inc.",2016-08-01 00:00:00-04:00,2016,3,8,22.19499969482422,21.809999465942383,24.041667938232422,20.790000915527344,233518800,676870933,15023150151.370384,15.023150151370384,,,,,,,,134.85094,30.154167,15.936175,18.53265,,,,-18.90756662671015,Technology,Software - Infrastructure,United States,16068,2016-Q3
PANW,"Palo Alto Networks, Inc.",2016-09-01 00:00:00-04:00,2016,3,9,26.55500030517578,22.211666107177734,26.666667938232422,22.211666107177734,211558200,676870933,17974307832.379616,17.974307832379615,,,,,,,,134.85094,30.154167,15.936175,18.53265,,,,-7.366282114149492,Technology,Software - Infrastructure,United States,16068,2016-Q3
PANW,"Palo Alto Networks, Inc.",2016-10-01 00:00:00-04:00,2016,4,10,25.63833236694336,26.511667251586914,27.168333053588867,24.31333351135254,140806200,676870933,17353841949.77705,17.35384194977705,,,,,,,,134.85094,30.154167,15.936175,18.53265,,,,-4.453415222803681,Technology,Software - Infrastructure,United States,16068,2016-Q4
PANW,"Palo Alto Networks, Inc.",2016-11-01 00:00:00-04:00,2016,4,11,22.395000457763672,25.625,27.614999771118164,22.020000457763672,278449800,676870933,15158524854.381924,15.158524854381923,,,,,,,,134.85094,30.154167,15.936175,18.53265,,,,-28.274793083624406,Technology,Software - Infrastructure,United States,16068,2016-Q4
PANW,"Palo Alto Networks, Inc.",2016-12-01 00:00:00-05:00,2016,4,12,20.84166717529297,22.399999618530273,22.46500015258789,20.594999313354492,173151000,676870933,14107118706.216026,14.107118706216026,,,,,,,,134.85094,30.154167,15.936175,18.53265,,,,-29.00533468543496,Technology,Software - Infrastructure,United States,16068,2016-Q4
PANW,"Palo Alto Networks, Inc.",2017-01-01 00:00:00-05:00,2017,1,1,24.593332290649414,20.975000381469727,24.729999542236328,20.969999313354492,197007000,676870933,16646511773.150896,16.646511773150895,,,,,,,,134.85094,30.154167,15.936175,18.53265,,,,-1.2910640700697806,Technology,Software - Infrastructure,United States,16068,2017-Q1
PANW,"Palo Alto Networks, Inc.",2017-02-01 00:00:00-05:00,2017,1,2,25.316667556762695,24.666667938232422,26.274999618530273,24.101667404174805,172143000,676870933,17136116389.596796,17.136116389596797,,,,,,,,134.85094,30.154167,15.936175,18.53265,,,,4.910565910706355,Technology,Software - Infrastructure,United States,16068,2017-Q1
PANW,"Palo Alto Networks, Inc.",2017-03-01 00:00:00-05:00,2017,1,3,18.780000686645508,25.316667556762695,25.316667556762695,18.34000015258789,424720800,676870933,12711636586.510386,12.711636586510386,,,,,,,,134.85094,30.154167,15.936175,18.53265,,,,-30.930487981704612,Technology,Software - Infrastructure,United States,16068,2017-Q1
PANW,"Palo Alto Networks, Inc.",2017-04-01 00:00:00-04:00,2017,2,4,18.06833267211914,18.80500030517578,19.03333282470703,17.885000228881836,199710000,676870933,12229929193.531666,12.229929193531666,,,,,,,,134.85094,30.154167,15.936175,18.53265,,,,-28.14343868289558,Technology,Software - Infrastructure,United States,16068,2017-Q2
PANW,"Palo Alto Networks, Inc.",2017-05-01 00:00:00-04:00,2017,2,5,19.764999389648438,18.125,20.34666633605957,18.024999618530273,241026600,676870933,13378353577.615768,13.37835357761577,,,,,,,,134.85094,30.154167,15.936175,18.53265,,,,-9.098579102787085,Technology,Software - Infrastructure,United States,16068,2017-Q2
PANW,"Palo Alto Networks, Inc.",2017-06-01 00:00:00-04:00,2017,2,6,22.301666259765625,22.18833351135254,23.549999237060547,21.413333892822266,312796200,676870933,15095349648.702179,15.095349648702179,,,,,,,,134.85094,30.154167,15.936175,18.53265,,,,9.107953410304749,Technology,Software - Infrastructure,United States,16068,2017-Q2
PANW,"Palo Alto Networks, Inc.",2017-07-01 00:00:00-04:00,2017,3,7,21.963333129882812,22.475000381469727,23.983333587646484,21.733333587646484,128677200,676870933,14866341787.41359,14.866341787413589,,,,,,,,134.85094,30.154167,15.936175,18.53265,,,,0.6799568745992746,Technology,Software - Infrastructure,United States,16068,2017-Q3
PANW,"Palo Alto Networks, Inc.",2017-08-01 00:00:00-04:00,2017,3,8,22.114999771118164,22.09666633605957,22.479999542236328,21.093332290649414,140575200,676870933,14969000528.371538,14.969000528371538,,,,,,,,134.85094,30.154167,15.936175,18.53265,,,,-0.3604412020997261,Technology,Software - Infrastructure,United States,16068,2017-Q3
PANW,"Palo Alto Networks, Inc.",2017-09-01 00:00:00-04:00,2017,3,9,24.016666412353516,24.135000228881836,24.791667938232422,22.78333282470703,222953400,676870933,16256183402.079487,16.256183402079486,,,,,,,,134.85094,30.154167,15.936175,18.53265,,,,-9.558779377334536,Technology,Software - Infrastructure,United States,16068,2017-Q3
PANW,"Palo Alto Networks, Inc.",2017-10-01 00:00:00-04:00,2017,4,10,24.53333282470703,24.100000381469727,25.558332443237305,23.898332595825195,152597400,676870933,16605899878.658974,16.605899878658974,,,,,,,,134.85094,30.154167,15.936175,18.53265,,,,-4.309950922007133,Technology,Software - Infrastructure,United States,16068,2017-Q4
PANW,"Palo Alto Networks, Inc.",2017-11-01 00:00:00-04:00,2017,4,11,24.291667938232422,24.59666633605957,26.141666412353516,22.641666412353516,269314800,676870933,16442323941.477566,16.442323941477564,,,,,,,,134.85094,30.154167,15.936175,18.53265,,,,8.46915580129508,Technology,Software - Infrastructure,United States,16068,2017-Q4
PANW,"Palo Alto Networks, Inc.",2017-12-01 00:00:00-05:00,2017,4,12,24.156667709350586,24.264999389648438,24.90333366394043,23.35333251953125,115161600,676870933,16350946210.599104,16.350946210599105,,,,,,,,134.85094,30.154167,15.936175,18.53265,,,,15.905639919187609,Technology,Software - Infrastructure,United States,16068,2017-Q4
PANW,"Palo Alto Networks, Inc.",2018-01-01 00:00:00-05:00,2018,1,1,26.31166648864746,24.333332061767578,26.80500030517578,24.183332443237305,148229400,676870933,17809602244.955643,17.80960224495564,,,,,,,,134.85094,30.154167,15.936175,18.53265,,,,6.98699215580223,Technology,Software - Infrastructure,United States,16068,2018-Q1
PANW,"Palo Alto Networks, Inc.",2018-02-01 00:00:00-05:00,2018,1,2,28.895000457763672,26.100000381469727,29.858333587646484,24.735000610351562,211946400,676870933,19558185918.881924,19.558185918881925,,,,,,,,134.85094,30.154167,15.936175,18.53265,,,,14.134296676203405,Technology,Software - Infrastructure,United States,16068,2018-Q1
PANW,"Palo Alto Networks, Inc.",2018-03-01 00:00:00-05:00,2018,1,3,30.253332138061523,28.891666412353516,31.921667098999023,28.17333221435547,185130000,676870933,20477601150.64859,20.47760115064859,,,,,,,,134.85094,30.154167,15.936175,18.53265,,,,61.09334947774909,Technology,Software - Infrastructure,United States,16068,2018-Q1
PANW,"Palo Alto Networks, Inc.",2018-04-01 00:00:00-04:00,2018,2,4,32.084999084472656,29.99333381652832,32.866668701171875,29.600000381469727,185995800,676870933,21717403265.611153,21.717403265611154,,,,,,,,134.85094,30.154167,15.936175,18.53265,,,,77.57587081613974,Technology,Software - Infrastructure,United States,16068,2018-Q2
PANW,"Palo Alto Networks, Inc.",2018-05-01 00:00:00-04:00,2018,2,5,34.68166732788086,31.958332061767578,35.28499984741211,31.639999389648438,137452800,676870933,23475012522.218334,23.475012522218336,,,,,,,,134.85094,30.154167,15.936175,18.53265,,,,75.47011585563092,Technology,Software - Infrastructure,United States,16068,2018-Q2
PANW,"Palo Alto Networks, Inc.",2018-06-01 00:00:00-04:00,2018,2,6,34.244998931884766,35.0,36.233333587646484,32.630001068115234,225513600,676870933,23179444377.608845,23.179444377608846,,,,,,,,134.85094,30.154167,15.936175,18.53265,,,,53.553544085026836,Technology,Software - Infrastructure,United States,16068,2018-Q2
PANW,"Palo Alto Networks, Inc.",2018-07-01 00:00:00-04:00,2018,3,7,33.043331146240234,34.14833450317383,36.563331604003906,32.268333435058594,139764000,676870933,22366070382.383587,22.366070382383587,,,,,,,,134.85094,30.154167,15.936175,18.53265,,,,50.447707325816715,Technology,Software - Infrastructure,United States,16068,2018-Q3
PANW,"Palo Alto Networks, Inc.",2018-08-01 00:00:00-04:00,2018,3,8,38.525001525878906,33.4283332824707,38.71833419799805,33.003334045410156,160606800,676870933,26076453726.64808,26.07645372664808,,,,,,,,134.85094,30.154167,15.936175,18.53265,,,,74.20303832058792,Technology,Software - Infrastructure,United States,16068,2018-Q3
PANW,"Palo Alto Networks, Inc.",2018-09-01 00:00:00-04:00,2018,3,9,37.543331146240234,38.401668548583984,39.91666793823242,36.47833251953125,147056400,676870933,25411989580.883587,25.41198958088359,,,,,,,,134.85094,30.154167,15.936175,18.53265,,,,56.32199116080896,Technology,Software - Infrastructure,United States,16068,2018-Q3
PANW,"Palo Alto Networks, Inc.",2018-10-01 00:00:00-04:00,2018,4,10,30.50666618347168,37.80500030517578,38.176666259765625,29.238332748413086,205921800,676870933,20649075602.326027,20.649075602326025,,,,,,,,134.85094,30.154167,15.936175,18.53265,,,,24.347826695397146,Technology,Software - Infrastructure,United States,16068,2018-Q4
PANW,"Palo Alto Networks, Inc.",2018-11-01 00:00:00-04:00,2018,4,11,28.825000762939453,30.75,32.04499816894531,26.68000030517578,210846600,676870933,19510805160.13654,19.510805160136538,,,,,,,,134.85094,30.154167,15.936175,18.53265,,,,18.6620895536451,Technology,Software - Infrastructure,United States,16068,2018-Q4
PANW,"Palo Alto Networks, Inc.",2018-12-01 00:00:00-05:00,2018,4,12,31.391666412353516,29.446666717529297,32.133331298828125,28.135000228881836,189044400,676870933,21248106532.954487,21.248106532954488,,,,,,,,134.85094,30.154167,15.936175,18.53265,,,,29.950317610248867,Technology,Software - Infrastructure,United States,16068,2018-Q4
PANW,"Palo Alto Networks, Inc.",2019-01-01 00:00:00-05:00,2019,1,1,35.8033332824707,30.84000015258789,36.21333312988281,29.799999237060547,151180800,676870933,24234235603.415897,24.234235603415897,,,,,,,,134.85094,30.154167,15.936175,18.53265,,,,36.073985651644506,Technology,Software - Infrastructure,United States,16068,2019-Q1
PANW,"Palo Alto Networks, Inc.",2019-02-01 00:00:00-05:00,2019,1,2,41.04499816894531,35.849998474121094,43.438331604003906,35.733333587646484,188887800,676870933,27782166205.597305,27.782166205597306,,,,,,,,134.85094,30.154167,15.936175,18.53265,,,,42.04878878247988,Technology,Software - Infrastructure,United States,16068,2019-Q1
PANW,"Palo Alto Networks, Inc.",2019-03-01 00:00:00-05:00,2019,1,3,40.47999954223633,41.01166534423828,41.709999084472656,38.393333435058594,164896800,676870933,27399735057.993076,27.399735057993077,,,,,,,,134.85094,30.154167,15.936175,18.53265,,,,33.803441411032864,Technology,Software - Infrastructure,United States,16068,2019-Q1
PANW,"Palo Alto Networks, Inc.",2019-04-01 00:00:00-04:00,2019,2,4,41.4716682434082,41.0,41.723331451416016,38.55666732788086,124829400,676870933,28070966776.98218,28.070966776982182,,,,,,,,134.85094,30.154167,15.936175,18.53265,,,,29.25563168701528,Technology,Software - Infrastructure,United States,16068,2019-Q2
PANW,"Palo Alto Networks, Inc.",2019-05-01 00:00:00-04:00,2019,2,5,33.356666564941406,41.581668853759766,41.823333740234375,32.8466682434082,197481600,676870933,22578158019.581795,22.578158019581796,,,,,,,,134.85094,30.154167,15.936175,18.53265,,,,-3.8204644269633325,Technology,Software - Infrastructure,United States,16068,2019-Q2
PANW,"Palo Alto Networks, Inc.",2019-06-01 00:00:00-04:00,2019,2,6,33.959999084472656,33.310001373291016,35.731666564941406,32.44499969482422,166327200,676870933,22986536264.986153,22.986536264986153,,,,,,,,134.85094,30.154167,15.936175,18.53265,,,,-0.8322378633417116,Technology,Software - Infrastructure,United States,16068,2019-Q2
PANW,"Palo Alto Networks, Inc.",2019-07-01 00:00:00-04:00,2019,3,7,37.75666809082031,34.724998474121094,38.2400016784668,33.88833236694336,124999800,676870933,25556391157.604874,25.556391157604875,,,,,,,,134.85094,30.154167,15.936175,18.53265,,,,14.264109522493996,Technology,Software - Infrastructure,United States,16068,2019-Q3
PANW,"Palo Alto Networks, Inc.",2019-08-01 00:00:00-04:00,2019,3,8,33.936668395996094,37.775001525878906,38.323333740234375,32.0283317565918,172510800,676870933,22970744400.10949,22.97074440010949,,,,,,,,134.85094,30.154167,15.936175,18.53265,,,,-11.910014141857028,Technology,Software - Infrastructure,United States,16068,2019-Q3
PANW,"Palo Alto Networks, Inc.",2019-09-01 00:00:00-04:00,2019,3,9,33.9716682434082,33.63166809082031,36.439998626708984,32.71500015258789,211484400,676870933,22994434779.48218,22.99443477948218,,,,,,,,134.85094,30.154167,15.936175,18.53265,,,,-9.51344165204614,Technology,Software - Infrastructure,United States,16068,2019-Q3
PANW,"Palo Alto Networks, Inc.",2019-10-01 00:00:00-04:00,2019,4,10,37.89833450317383,34.32500076293945,38.14833450317383,33.75166702270508,133698000,676870933,25652281034.30936,25.65228103430936,,,,,,,,134.85094,30.154167,15.936175,18.53265,,,,24.229682375804494,Technology,Software - Infrastructure,United States,16068,2019-Q4
PANW,"Palo Alto Networks, Inc.",2019-11-01 00:00:00-04:00,2019,4,11,37.869998931884766,38.0,41.82500076293945,35.81666564941406,199033200,676870933,25633101509.733845,25.633101509733844,,,,,,,,134.85094,30.154167,15.936175,18.53265,,,,31.379004092081566,Technology,Software - Infrastructure,United States,16068,2019-Q4
PANW,"Palo Alto Networks, Inc.",2019-12-01 00:00:00-05:00,2019,4,12,38.54166793823242,37.97999954223633,39.1966667175293,36.836666107177734,115216200,676870933,26087734736.727566,26.087734736727565,,,,,,,,134.85094,30.154167,15.936175,18.53265,,,,22.776750466057383,Technology,Software - Infrastructure,United States,16068,2019-Q4
PANW,"Palo Alto Networks, Inc.",2020-01-01 00:00:00-05:00,2020,1,1,39.130001068115234,38.87333297729492,41.288333892822266,38.823333740234375,108636000,676870933,26485960331.266155,26.485960331266156,,,,,,,,134.85094,30.154167,15.936175,18.53265,,,,9.291502998893296,Technology,Software - Infrastructure,United States,16068,2020-Q1
PANW,"Palo Alto Networks, Inc.",2020-02-01 00:00:00-05:00,2020,1,2,30.770000457763672,39.143333435058594,41.85166549682617,30.176666259765625,211177800,676870933,20827318918.256924,20.827318918256925,,,,,,,,134.85094,30.154167,15.936175,18.53265,,,,-25.03349535767726,Technology,Software - Infrastructure,United States,16068,2020-Q1
PANW,"Palo Alto Networks, Inc.",2020-03-01 00:00:00-05:00,2020,1,3,27.32666778564453,30.81833267211914,31.860000610351562,20.911666870117188,268005000,676870933,18496627119.850258,18.49662711985026,,,,,,,,134.85094,30.154167,15.936175,18.53265,,,,-32.49340885705242,Technology,Software - Infrastructure,United States,16068,2020-Q1
PANW,"Palo Alto Networks, Inc.",2020-04-01 00:00:00-04:00,2020,2,4,32.75166702270508,26.333332061767578,33.44166564941406,26.333332061767578,160987200,676870933,22168651414.96372,22.16865141496372,,,,,,,,134.85094,30.154167,15.936175,18.53265,,,,-21.026405712746175,Technology,Software - Infrastructure,United States,16068,2020-Q2
PANW,"Palo Alto Networks, Inc.",2020-05-01 00:00:00-04:00,2020,2,5,39.211666107177734,32.16666793823242,40.52333450317383,31.758333206176758,192873600,676870933,26541237022.44987,26.54123702244987,,,,,,,,134.85094,30.154167,15.936175,18.53265,,,,17.552711782028197,Technology,Software - Infrastructure,United States,16068,2020-Q2
PANW,"Palo Alto Networks, Inc.",2020-06-01 00:00:00-04:00,2020,2,6,38.2783317565918,39.16666793823242,40.13999938964844,36.246665954589844,187125600,676870933,25909490129.76782,25.909490129767818,,,,,,,,134.85094,30.154167,15.936175,18.53265,,,,12.71593871771801,Technology,Software - Infrastructure,United States,16068,2020-Q2
PANW,"Palo Alto Networks, Inc.",2020-07-01 00:00:00-04:00,2020,3,7,42.6533317565918,38.23500061035156,42.6533317565918,37.95333480834961,142941600,676870933,28870800461.64282,28.87080046164282,,,,,,,,134.85094,30.154167,15.936175,18.53265,,,,12.969003657825407,Technology,Software - Infrastructure,United States,16068,2020-Q3
PANW,"Palo Alto Networks, Inc.",2020-08-01 00:00:00-04:00,2020,3,8,42.901668548583984,42.6533317565918,45.83833312988281,41.78666687011719,163555200,676870933,29038892417.736797,29.038892417736797,,,,,,,,134.85094,30.154167,15.936175,18.53265,,,,26.416854029329517,Technology,Software - Infrastructure,United States,16068,2020-Q3
PANW,"Palo Alto Networks, Inc.",2020-09-01 00:00:00-04:00,2020,3,9,40.79166793823242,43.150001525878906,43.518333435058594,37.858333587646484,157114800,676870933,27610694335.977566,27.610694335977566,,,,,,,,134.85094,30.154167,15.936175,18.53265,,,,20.07555132694303,Technology,Software - Infrastructure,United States,16068,2020-Q3
PANW,"Palo Alto Networks, Inc.",2020-10-01 00:00:00-04:00,2020,4,10,36.8650016784668,41.44499969482422,43.358333587646484,36.55666732788086,102369000,676870933,24952848081.150387,24.952848081150385,,,,,,,,134.85094,30.154167,15.936175,18.53265,,,,-2.726591651726795,Technology,Software - Infrastructure,United States,16068,2020-Q4
PANW,"Palo Alto Networks, Inc.",2020-11-01 00:00:00-04:00,2020,4,11,48.98666763305664,37.13166809082031,49.75,36.82833480834961,149780400,676870933,33157651425.34795,33.15765142534795,,,,,,,,134.85094,30.154167,15.936175,18.53265,,,,29.354816516279758,Technology,Software - Infrastructure,United States,16068,2020-Q4
PANW,"Palo Alto Networks, Inc.",2020-12-01 00:00:00-05:00,2020,4,12,59.231666564941406,49.491668701171875,62.5,48.34166717529297,167806800,676870933,40092193410.956795,40.092193410956796,,,,,,,,134.85094,30.154167,15.936175,18.53265,,,,53.682156827948255,Technology,Software - Infrastructure,United States,16068,2020-Q4
PANW,"Palo Alto Networks, Inc.",2021-01-01 00:00:00-05:00,2021,1,1,58.45833206176758,59.22999954223633,62.37333297729492,55.76166534423828,123036000,676870933,39568745764.27243,39.56874576427243,,,,,,,,134.85094,30.154167,15.936175,18.53265,,,,49.39517113737539,Technology,Software - Infrastructure,United States,16068,2021-Q1
PANW,"Palo Alto Networks, Inc.",2021-02-01 00:00:00-05:00,2021,1,2,59.71833419799805,59.14833450317383,67.16666412353516,58.66666793823242,151809600,676870933,40421604585.80475,40.42160458580475,,,,,,,,134.85094,30.154167,15.936175,18.53265,,,,94.07973126282596,Technology,Software - Infrastructure,United States,16068,2021-Q1
PANW,"Palo Alto Networks, Inc.",2021-03-01 00:00:00-05:00,2021,1,3,53.676666259765625,60.709999084472656,61.45500183105469,51.926666259765625,164865600,676870933,36332175171.57718,36.33217517157718,,,,,,,,134.85094,30.154167,15.936175,18.53265,,,,96.4259480183072,Technology,Software - Infrastructure,United States,16068,2021-Q1
PANW,"Palo Alto Networks, Inc.",2021-04-01 00:00:00-04:00,2021,2,4,58.89833450317383,54.5,62.168331146240234,54.30833435058594,111178800,676870933,39866570627.30936,39.86657062730936,,,,,,,,134.85094,30.154167,15.936175,18.53265,,,,79.83308899160026,Technology,Software - Infrastructure,United States,16068,2021-Q2
PANW,"Palo Alto Networks, Inc.",2021-05-01 00:00:00-04:00,2021,2,5,60.54166793823242,59.26166534423828,62.38166809082031,53.70500183105469,137466600,676870933,40978895262.72757,40.97889526272757,,,,,,,,134.85094,30.154167,15.936175,18.53265,,,,54.39708114608835,Technology,Software - Infrastructure,United States,16068,2021-Q2
PANW,"Palo Alto Networks, Inc.",2021-06-01 00:00:00-04:00,2021,2,6,61.84166717529297,61.008331298828125,64.45333099365234,58.49333190917969,111604200,676870933,41858826959.21603,41.858826959216024,,,,,,,,134.85094,30.154167,15.936175,18.53265,,,,61.55789538723406,Technology,Software - Infrastructure,United States,16068,2021-Q2
PANW,"Palo Alto Networks, Inc.",2021-07-01 00:00:00-04:00,2021,3,7,66.50833129882812,61.66666793823242,67.52666473388672,61.04833221435547,110608800,676870933,45017556258.510895,45.01755625851089,,,,,,,,134.85094,30.154167,15.936175,18.53265,,,,55.9276346297372,Technology,Software - Infrastructure,United States,16068,2021-Q3
PANW,"Palo Alto Networks, Inc.",2021-08-01 00:00:00-04:00,2021,3,8,76.83999633789062,66.66666412353516,77.48332977294922,59.72833251953125,232883400,676870933,52010760012.94461,52.01076001294461,,,,,,,,134.85094,30.154167,15.936175,18.53265,,,,79.10724439743689,Technology,Software - Infrastructure,United States,16068,2021-Q3
PANW,"Palo Alto Networks, Inc.",2021-09-01 00:00:00-04:00,2021,3,9,79.83333587646484,76.16000366210938,82.65333557128906,75.96666717529297,163219800,676870933,54036864539.20513,54.03686453920513,,,,,,,,134.85094,30.154167,15.936175,18.53265,,,,95.70990820319021,Technology,Software - Infrastructure,United States,16068,2021-Q3
PANW,"Palo Alto Networks, Inc.",2021-10-01 00:00:00-04:00,2021,4,10,84.84833526611328,80.08833312988281,86.57499694824219,77.1883316040039,133149000,676870933,57431371855.0709,57.4313718550709,,,,,,,,134.85094,30.154167,15.936175,18.53265,,,,130.159586065268,Technology,Software - Infrastructure,United States,16068,2021-Q4
PANW,"Palo Alto Networks, Inc.",2021-11-01 00:00:00-04:00,2021,4,11,91.15666961669922,85.08499908447266,93.25666809082031,80.87666320800781,175014600,676870933,61701300012.62795,61.701300012627954,,,,,,,,134.85094,30.154167,15.936175,18.53265,,,,86.08465123515747,Technology,Software - Infrastructure,United States,16068,2021-Q4
PANW,"Palo Alto Networks, Inc.",2021-12-01 00:00:00-05:00,2021,4,12,92.7933349609375,91.58499908447266,95.44499969482422,83.038330078125,184456200,676870933,62809111211.191284,62.809111211191286,,,,,,,,134.85094,30.154167,15.936175,18.53265,,,,56.661698618929094,Technology,Software - Infrastructure,United States,16068,2021-Q4
PANW,"Palo Alto Networks, Inc.",2022-01-01 00:00:00-05:00,2022,1,1,86.23332977294922,93.07333374023438,93.4000015258789,75.95999908447266,218010000,676870933,58368834379.112816,58.36883437911282,,,,,,,,134.85094,30.154167,15.936175,18.53265,,,,47.51247038973734,Technology,Software - Infrastructure,United States,16068,2022-Q1
PANW,"Palo Alto Networks, Inc.",2022-02-01 00:00:00-05:00,2022,1,2,99.04166412353516,86.30999755859375,99.21666717529297,77.75,218218200,676870933,67038423601.16987,67.03842360116987,,,,,,,,134.85094,30.154167,15.936175,18.53265,,,,65.84800204767826,Technology,Software - Infrastructure,United States,16068,2022-Q1
PANW,"Palo Alto Networks, Inc.",2022-03-01 00:00:00-05:00,2022,1,3,103.75166320800781,98.56500244140625,105.9816665649414,84.85333251953125,248377800,676870933,70226485075.90602,70.22648507590603,,,,,,,,134.85094,30.154167,15.936175,18.53265,,,,93.29006519500795,Technology,Software - Infrastructure,United States,16068,2022-Q1
PANW,"Palo Alto Networks, Inc.",2022-04-01 00:00:00-04:00,2022,2,4,93.54666900634766,103.55000305175781,106.81666564941406,92.90499877929688,136735800,676870933,63319021129.36872,63.31902112936872,,,,,,,,134.85094,30.154167,15.936175,18.53265,,,,58.82735869433924,Technology,Software - Infrastructure,United States,16068,2022-Q2
PANW,"Palo Alto Networks, Inc.",2022-05-01 00:00:00-04:00,2022,2,5,83.79666900634766,93.0433349609375,95.47833251953125,70.25833129882812,292148400,676870933,56719529532.61872,56.71952953261872,,,,,,,,134.85094,30.154167,15.936175,18.53265,,,,38.411563242428535,Technology,Software - Infrastructure,United States,16068,2022-Q2
PANW,"Palo Alto Networks, Inc.",2022-06-01 00:00:00-04:00,2022,2,6,82.32333374023438,84.53666687011719,89.13666534423828,76.625,165670800,676870933,55722271716.42282,55.722271716422824,,,,,,,,134.85094,30.154167,15.936175,18.53265,,,,33.11952523350512,Technology,Software - Infrastructure,United States,16068,2022-Q2
PANW,"Palo Alto Networks, Inc.",2022-07-01 00:00:00-04:00,2022,3,7,83.18333435058594,82.5,87.78666687011719,77.20166778564453,144675000,676870933,56304381131.93205,56.304381131932054,,,,,,,,134.85094,30.154167,15.936175,18.53265,,,,25.072051465004396,Technology,Software - Infrastructure,United States,16068,2022-Q3
PANW,"Palo Alto Networks, Inc.",2022-08-01 00:00:00-04:00,2022,3,8,92.80166625976562,83.2933349609375,96.46499633789062,80.67832946777344,216183600,676870933,62814750425.20218,62.81475042520218,,,,,,,,134.85094,30.154167,15.936175,18.53265,,,,20.77260630217408,Technology,Software - Infrastructure,United States,16068,2022-Q3
PANW,"Palo Alto Networks, Inc.",2022-09-01 00:00:00-04:00,2022,3,9,81.8949966430664,91.40833282470703,95.0,80.2699966430664,165591800,676870933,55432342785.82423,55.432342785824225,,,,,,,,134.85094,30.154167,15.936175,18.53265,,,,2.5824559928095736,Technology,Software - Infrastructure,United States,16068,2022-Q3
PANW,"Palo Alto Networks, Inc.",2022-10-01 00:00:00-04:00,2022,4,10,85.79499816894531,83.0,89.5,74.00499725341797,142869200,676870933,58072140457.347305,58.0721404573473,,,,,,,,134.85094,30.154167,15.936175,18.53265,,,,1.1157118166938318,Technology,Software - Infrastructure,United States,16068,2022-Q4
PANW,"Palo Alto Networks, Inc.",2022-11-01 00:00:00-04:00,2022,4,11,84.94999694824219,86.97000122070312,88.05000305175781,70.03500366210938,232576000,676870933,57500183692.70384,57.50018369270384,,,,,,,,134.85094,30.154167,15.936175,18.53265,,,,-6.808797090278973,Technology,Software - Infrastructure,United States,16068,2022-Q4
PANW,"Palo Alto Networks, Inc.",2022-12-01 00:00:00-05:00,2022,4,12,69.7699966430664,85.57499694824219,89.48500061035156,68.37000274658203,147602400,676870933,47225282723.19923,47.22528272319923,,,,,,,,134.85094,30.154167,15.936175,18.53265,,,,-24.811413802039826,Technology,Software - Infrastructure,United States,16068,2022-Q4
PANW,"Palo Alto Networks, Inc.",2023-01-01 00:00:00-05:00,2023,1,1,79.31999969482422,70.66000366210938,80.61499786376953,66.11000061035156,179723200,676870933,53689402198.995384,53.68940219899538,,,,,,,,134.85094,30.154167,15.936175,18.53265,,,,-8.017004673631034,Technology,Software - Infrastructure,United States,16068,2023-Q1
PANW,"Palo Alto Networks, Inc.",2023-02-01 00:00:00-05:00,2023,1,2,94.18499755859375,78.67500305175781,96.23500061035156,77.05500030517578,214213000,676870933,63751087172.08807,63.75108717208808,,,,,,,,134.85094,30.154167,15.936175,18.53265,,,,-4.9036600989293415,Technology,Software - Infrastructure,United States,16068,2023-Q1
PANW,"Palo Alto Networks, Inc.",2023-03-01 00:00:00-05:00,2023,1,3,99.87000274658203,93.44000244140625,100.1500015258789,90.81500244140625,168125000,676870933,67599101937.79154,67.59910193779154,,,,,,,,134.85094,30.154167,15.936175,18.53265,,,,-3.7412995044171837,Technology,Software - Infrastructure,United States,16068,2023-Q1
PANW,"Palo Alto Networks, Inc.",2023-04-01 00:00:00-04:00,2023,2,4,91.2300033569336,99.00499725341797,101.72000122070312,90.50499725341797,98017600,676870933,61750937489.80077,61.750937489800776,,,,,,,,134.85094,30.154167,15.936175,18.53265,,,,-2.4764811767449046,Technology,Software - Infrastructure,United States,16068,2023-Q2
PANW,"Palo Alto Networks, Inc.",2023-05-01 00:00:00-04:00,2023,2,5,106.69499969482422,90.33000183105469,109.75,88.1500015258789,234666000,676870933,72218743989.87039,72.21874398987039,,,,,,,,134.85094,30.154167,15.936175,18.53265,,,,27.326063147858548,Technology,Software - Infrastructure,United States,16068,2023-Q2
PANW,"Palo Alto Networks, Inc.",2023-06-01 00:00:00-04:00,2023,2,6,127.75499725341797,105.5,128.4149932861328,105.05999755859375,341692800,676870933,86473644186.33347,86.47364418633346,,,,,,,,134.85094,30.154167,15.936175,18.53265,,,,55.18686069801315,Technology,Software - Infrastructure,United States,16068,2023-Q2
PANW,"Palo Alto Networks, Inc.",2023-07-01 00:00:00-04:00,2023,3,7,124.9800033569336,127.55000305175781,129.44000244140625,115.90499877929688,182765200,676870933,84595331478.55078,84.59533147855078,,,,,,,,134.85094,30.154167,15.936175,18.53265,,,,50.246445796691305,Technology,Software - Infrastructure,United States,16068,2023-Q3
PANW,"Palo Alto Networks, Inc.",2023-08-01 00:00:00-04:00,2023,3,8,121.6500015258789,124.94499969482422,127.01499938964844,100.58499908447266,264242600,676870933,82341350032.27307,82.34135003227307,,,,,,,,134.85094,30.154167,15.936175,18.53265,,,,31.08601001340052,Technology,Software - Infrastructure,United States,16068,2023-Q3
PANW,"Palo Alto Networks, Inc.",2023-09-01 00:00:00-04:00,2023,3,9,117.22000122070312,121.625,127.11499786376953,112.31999969482422,94334600,676870933,79342811592.51846,79.34281159251846,,,,,,,,134.85094,30.154167,15.936175,18.53265,,,,43.1345088535729,Technology,Software - Infrastructure,United States,16068,2023-Q3
PANW,"Palo Alto Networks, Inc.",2023-10-01 00:00:00-04:00,2023,4,10,121.51000213623047,117.5,132.9499969482422,115.04499816894531,126660800,676870933,82246588514.78232,82.24658851478232,,,,,,,,134.85094,30.154167,15.936175,18.53265,,,,41.628305530068424,Technology,Software - Infrastructure,United States,16068,2023-Q4
PANW,"Palo Alto Networks, Inc.",2023-11-01 00:00:00-04:00,2023,4,11,147.5449981689453,122.5,148.0800018310547,116.90499877929688,231491800,676870933,99868920570.0973,99.8689205700973,,,,,,,,134.85094,30.154167,15.936175,18.53265,,,,73.684524390084,Technology,Software - Infrastructure,United States,16068,2023-Q4
PANW,"Palo Alto Networks, Inc.",2023-12-01 00:00:00-05:00,2023,4,12,147.44000244140625,146.15499877929688,159.0,140.3300018310547,153960600,676870933,99797852014.03693,99.79785201403692,,,,,,,,134.85094,30.154167,15.936175,18.53265,,,,111.32293182653967,Technology,Software - Infrastructure,United States,16068,2023-Q4
PANW,"Palo Alto Networks, Inc.",2024-01-01 00:00:00-05:00,2024,1,1,169.2550048828125,145.97000122070312,175.3000030517578,140.9199981689453,132215400,676870933,114563793069.94885,114.56379306994886,,,,,,,,134.85094,30.154167,15.936175,18.53265,,,,113.38250823752425,Technology,Software - Infrastructure,United States,16068,2024-Q1
PANW,"Palo Alto Networks, Inc.",2024-02-01 00:00:00-05:00,2024,1,2,155.27499389648438,169.5,190.4199981689453,130.0449981689453,382642000,676870933,105101129990.28268,105.10112999028269,,,,,,,,134.85094,30.154167,15.936175,18.53265,,,,64.86170613306616,Technology,Software - Infrastructure,United States,16068,2024-Q1
PANW,"Palo Alto Networks, Inc.",2024-03-01 00:00:00-05:00,2024,1,3,142.06500244140625,155.76499938964844,155.76499938964844,138.27499389648438,219485600,676870933,96159670749.16193,96.15967074916193,,,,,,,,134.85094,30.154167,15.936175,18.53265,,,,42.24992343486073,Technology,Software - Infrastructure,United States,16068,2024-Q1
PANW,"Palo Alto Networks, Inc.",2024-04-01 00:00:00-04:00,2024,2,4,145.44500732421875,142.50999450683594,151.94500732421875,132.5,156317200,676870933,98447497807.73578,98.44749780773577,,,,,,,,134.85094,30.154167,15.936175,18.53265,,,,59.42672582743553,Technology,Software - Infrastructure,United States,16068,2024-Q2
PANW,"Palo Alto Networks, Inc.",2024-05-01 00:00:00-04:00,2024,2,5,147.4550018310547,144.44000244140625,162.33999633789062,142.0,190516000,676870933,99808004664.9027,99.8080046649027,,,,,,,,134.85094,30.154167,15.936175,18.53265,,,,38.20235461157016,Technology,Software - Infrastructure,United States,16068,2024-Q2
PANW,"Palo Alto Networks, Inc.",2024-06-01 00:00:00-04:00,2024,2,6,169.5050048828125,148.2100067138672,172.9499969482422,144.4550018310547,120187200,676870933,114733010803.19885,114.73301080319885,,,,,,,,134.85094,30.154167,15.936175,18.53265,,,,32.67974523656258,Technology,Software - Infrastructure,United States,16068,2024-Q2
PANW,"Palo Alto Networks, Inc.",2024-07-01 00:00:00-04:00,2024,3,7,162.36500549316406,169.0,172.77499389648438,157.5050048828125,99483800,676870933,109900152754.70808,109.90015275470809,2189500000.0,2189.5,1615800000.0,357700000.0,238400000.0,391900000.0,12.54854450270702,134.85094,30.154167,15.936175,18.53265,,,,29.91278695157471,Technology,Software - Infrastructure,United States,16068,2024-Q3
PANW,"Palo Alto Networks, Inc.",2024-08-01 00:00:00-04:00,2024,3,8,181.36000061035156,161.7050018310547,187.68499755859375,142.00999450683594,168415800,676870933,122757312822.00923,122.75731282200923,2189500000.0,2189.5,1615800000.0,357700000.0,238400000.0,391900000.0,14.016592009820648,134.85094,30.154167,15.936175,18.53265,,0.0,,49.08343471888112,Technology,Software - Infrastructure,United States,16068,2024-Q3
PANW,"Palo Alto Networks, Inc.",2024-09-01 00:00:00-04:00,2024,3,9,170.89999389648438,179.77499389648438,182.75,164.36000061035156,95396000,676870933,115677238318.40768,115.67723831840769,2189500000.0,2189.5,1615800000.0,357700000.0,238400000.0,391900000.0,13.20817975775379,134.85094,30.154167,15.936175,18.53265,,0.0,,45.7942263408716,Technology,Software - Infrastructure,United States,16068,2024-Q3
PANW,"Palo Alto Networks, Inc.",2024-10-01 00:00:00-04:00,2024,4,10,180.1649932861328,170.8000030517578,192.0,164.125,98755000,676870933,121948447099.52345,121.94844709952345,2138800000.0,2138.8,1584700000.0,350700000.0,286500000.0,453200000.0,14.254306982831897,134.85094,30.154167,15.936175,18.53265,,-2.315597168303263,,48.2717390492196,Technology,Software - Infrastructure,United States,16068,2024-Q4
PANW,"Palo Alto Networks, Inc.",2024-11-01 00:00:00-04:00,2024,4,11,193.91000366210938,179.51499938964844,204.26499938964844,178.0,119183800,676870933,131252045096.80539,131.2520450968054,2138800000.0,2138.8,1584700000.0,350700000.0,286500000.0,453200000.0,15.341785708902819,134.85094,30.154167,15.936175,18.53265,,0.0,-2.315597168303263,31.424315340106723,Technology,Software - Infrastructure,United States,16068,2024-Q4
PANW,"Palo Alto Networks, Inc.",2024-12-01 00:00:00-05:00,2024,4,12,181.9600067138672,195.1199951171875,207.24000549316406,181.25999450683594,94816000,676870933,123163439513.10155,123.16343951310155,2138800000.0,2138.8,1584700000.0,350700000.0,286500000.0,453200000.0,14.396324985167096,134.85094,30.154167,15.936175,18.53265,,0.0,-2.315597168303263,23.412916237694347,Technology,Software - Infrastructure,United States,16068,2024-Q4
PANW,"Palo Alto Networks, Inc.",2025-01-01 00:00:00-05:00,2025,1,1,184.4199981689453,184.5,197.74000549316406,166.2100067138672,122829700,676870933,124828536224.4723,124.8285362244723,2257400000.0,2257.4,1658200000.0,267300000.0,240400000.0,413000000.0,13.82437053961109,134.85094,30.154167,15.936175,18.53265,,5.545165513371986,3.1011646494633505,8.959849250326535,Technology,Software - Infrastructure,United States,16068,2025-Q1
PANW,"Palo Alto Networks, Inc.",2025-02-01 00:00:00-05:00,2025,1,2,190.42999267578125,181.55999755859375,208.38999938964844,180.1199951171875,116165500,676870933,128896526813.63922,128.8965268136392,2257400000.0,2257.4,1658200000.0,267300000.0,240400000.0,413000000.0,14.274887792774788,134.85094,30.154167,15.936175,18.53265,,0.0,5.545165513371986,22.640476677611908,Technology,Software - Infrastructure,United States,16068,2025-Q1
PANW,"Palo Alto Networks, Inc.",2025-03-01 00:00:00-05:00,2025,1,3,170.63999938964844,191.5,193.66000366210938,165.8800048828125,101914900,676870933,115501255593.99077,115.50125559399076,2257400000.0,2257.4,1658200000.0,267300000.0,240400000.0,413000000.0,12.791403339460304,134.85094,30.154167,15.936175,18.53265,,0.0,5.545165513371986,20.114029815350023,Technology,Software - Infrastructure,United States,16068,2025-Q1
PANW,"Palo Alto Networks, Inc.",2025-04-01 00:00:00-04:00,2025,2,4,186.92999267578125,168.52000427246094,187.6300048828125,144.14999389648438,125923800,676870933,126527478548.13922,126.52747854813921,2289000000.0,2289.0,1669700000.0,262100000.0,218800000.0,399100000.0,13.819078041518045,134.85094,30.154167,15.936175,18.53265,,1.39984052449722,7.022629511875822,28.52279780156788,Technology,Software - Infrastructure,United States,16068,2025-Q2
PANW,"Palo Alto Networks, Inc.",2025-05-01 00:00:00-04:00,2025,2,5,192.4199981689453,188.63999938964844,195.4199981689453,178.63999938964844,121798200,676870933,130243503688.4723,130.24350368847232,2289000000.0,2289.0,1669700000.0,262100000.0,218800000.0,399100000.0,14.22493487204809,134.85094,30.154167,15.936175,18.53265,,0.0,1.39984052449722,30.494046169697842,Technology,Software - Infrastructure,United States,16068,2025-Q2
PANW,"Palo Alto Networks, Inc.",2025-06-01 00:00:00-04:00,2025,2,6,204.63999938964844,192.13999938964844,206.74000549316406,191.47999572753906,83943100,676870933,138514867315.99078,138.51486731599078,2289000000.0,2289.0,1669700000.0,262100000.0,218800000.0,399100000.0,15.128316657491348,134.85094,30.154167,15.936175,18.53265,,0.0,1.39984052449722,20.727998286024985,Technology,Software - Infrastructure,United States,16068,2025-Q2
PANW,"Palo Alto Networks, Inc.",2025-07-01 00:00:00-04:00,2025,3,7,173.60000610351562,203.97000122070312,210.38999938964844,172.92999267578125,167377700,676870933,117504798100.09232,117.50479810009232,2536300000.0,2536.3,1857300000.0,253800000.0,497200000.0,675700000.0,11.582304745110232,134.85094,30.154167,15.936175,18.53265,,10.803844473569235,12.35492159121112,6.919594882053937,Technology,Software - Infrastructure,United States,16068,2025-Q3
PANW,"Palo Alto Networks, Inc.",2025-08-01 00:00:00-04:00,2025,3,8,190.52000427246094,173.1300048828125,192.7899932861328,165.2100067138672,228129900,676870933,128957453047.06462,128.95745304706463,2536300000.0,2536.3,1857300000.0,253800000.0,497200000.0,675700000.0,12.711178985832179,134.85094,30.154167,15.936175,18.53265,,0.0,10.803844473569235,5.050729836392898,Technology,Software - Infrastructure,United States,16068,2025-Q3
PANW,"Palo Alto Networks, Inc.",2025-09-01 00:00:00-04:00,2025,3,9,203.6199951171875,187.25999450683594,209.50999450683594,186.35000610351562,119679800,676870933,137824456072.42615,137.82445607242616,2536300000.0,2536.3,1857300000.0,253800000.0,497200000.0,675700000.0,13.585188667786356,134.85094,30.154167,15.936175,18.53265,,0.0,10.803844473569235,19.145700637369202,Technology,Software - Infrastructure,United States,16068,2025-Q3
PANW,"Palo Alto Networks, Inc.",2025-10-01 00:00:00-04:00,2025,4,10,217.11000061035156,202.16000366210938,218.22999572753906,200.8800048828125,88033129,676870933,146955448676.75922,146.9554486767592,,,,,,,,134.85094,30.154167,15.936175,18.53265,,0.0,10.803844473569235,20.506207477022876,Technology,Software - Infrastructure,United States,16068,2025-Q4
