ticker,company_name,date,year,quarter,month,close_price,open_price,high_price,low_price,volume,shares_outstanding,market_cap,market_cap_billions,revenue,revenue_millions,gross_profit,net_income,operating_income,ebitda,ps_ratio,current_pe,forward_pe,current_ps,current_pb,peg_ratio,revenue_qoq_pct,revenue_yoy_pct,market_cap_yoy_pct,sector,industry,country,employees,year_quarter
PATH,UIPATH INC - CLASS A,2021-04-01 00:00:00-04:00,2021,2,4,72.0,65.5,83.4000015258789,64.83999633789062,50376400,453568899,32656960728.0,32.656960728,,,,,,,,549.3333,37.454544,5.8472123,5.2517524,,,,,Technology,Software - Infrastructure,United States,3868,2021-Q2
PATH,UIPATH INC - CLASS A,2021-05-01 00:00:00-04:00,2021,2,5,79.81999969482422,72.33000183105469,90.0,61.5,46729800,453568899,36203869379.76176,36.203869379761755,,,,,,,,549.3333,37.454544,5.8472123,5.2517524,,,,,Technology,Software - Infrastructure,United States,3868,2021-Q2
PATH,UIPATH INC - CLASS A,2021-06-01 00:00:00-04:00,2021,2,6,67.93000030517578,80.7300033569336,83.10900115966797,66.0,85320700,453568899,30810935447.488243,30.810935447488244,,,,,,,,549.3333,37.454544,5.8472123,5.2517524,,,,,Technology,Software - Infrastructure,United States,3868,2021-Q2
PATH,UIPATH INC - CLASS A,2021-07-01 00:00:00-04:00,2021,3,7,62.560001373291016,67.98999786376953,69.5999984741211,57.0099983215332,54259200,453568899,28375270944.322094,28.375270944322093,,,,,,,,549.3333,37.454544,5.8472123,5.2517524,,,,,Technology,Software - Infrastructure,United States,3868,2021-Q3
PATH,UIPATH INC - CLASS A,2021-08-01 00:00:00-04:00,2021,3,8,63.20000076293945,61.97999954223633,66.06999969482422,58.529998779296875,48183200,453568899,28665554762.845608,28.66555476284561,,,,,,,,549.3333,37.454544,5.8472123,5.2517524,,,,,Technology,Software - Infrastructure,United States,3868,2021-Q3
PATH,UIPATH INC - CLASS A,2021-09-01 00:00:00-04:00,2021,3,9,52.61000061035156,63.5,65.0,51.0099983215332,203479400,453568899,23862260053.226486,23.862260053226485,,,,,,,,549.3333,37.454544,5.8472123,5.2517524,,,,,Technology,Software - Infrastructure,United States,3868,2021-Q3
PATH,UIPATH INC - CLASS A,2021-10-01 00:00:00-04:00,2021,4,10,50.25,52.75,55.369998931884766,47.20000076293945,83005800,453568899,22791837174.75,22.79183717475,,,,,,,,549.3333,37.454544,5.8472123,5.2517524,,,,,Technology,Software - Infrastructure,United States,3868,2021-Q4
PATH,UIPATH INC - CLASS A,2021-11-01 00:00:00-04:00,2021,4,11,48.25,50.16999816894531,59.56999969482422,46.65999984741211,89699700,453568899,21884699376.75,21.88469937675,,,,,,,,549.3333,37.454544,5.8472123,5.2517524,,,,,Technology,Software - Infrastructure,United States,3868,2021-Q4
PATH,UIPATH INC - CLASS A,2021-12-01 00:00:00-05:00,2021,4,12,43.130001068115234,48.38999938964844,48.93000030517578,39.29999923706055,120258600,453568899,19562427098.33385,19.562427098333853,,,,,,,,549.3333,37.454544,5.8472123,5.2517524,,,,,Technology,Software - Infrastructure,United States,3868,2021-Q4
PATH,UIPATH INC - CLASS A,2022-01-01 00:00:00-05:00,2022,1,1,36.529998779296875,43.810001373291016,44.130001068115234,31.469999313354492,89886100,453568899,16568871326.797028,16.568871326797026,,,,,,,,549.3333,37.454544,5.8472123,5.2517524,,,,,Technology,Software - Infrastructure,United States,3868,2022-Q1
PATH,UIPATH INC - CLASS A,2022-02-01 00:00:00-05:00,2022,1,2,34.709999084472656,37.290000915527344,39.0,28.799999237060547,83282000,453568899,15743376069.03527,15.743376069035271,,,,,,,,549.3333,37.454544,5.8472123,5.2517524,,,,,Technology,Software - Infrastructure,United States,3868,2022-Q1
PATH,UIPATH INC - CLASS A,2022-03-01 00:00:00-05:00,2022,1,3,21.59000015258789,35.0,35.63999938964844,20.530000686645508,174941500,453568899,9792552598.619122,9.792552598619121,,,,,,,,549.3333,37.454544,5.8472123,5.2517524,,,,,Technology,Software - Infrastructure,United States,3868,2022-Q1
PATH,UIPATH INC - CLASS A,2022-04-01 00:00:00-04:00,2022,2,4,17.829999923706055,21.520000457763672,23.280000686645508,17.610000610351562,176705500,453568899,8087133434.565439,8.08713343456544,,,,,,,,549.3333,37.454544,5.8472123,5.2517524,,,,-75.23611121707492,Technology,Software - Infrastructure,United States,3868,2022-Q2
PATH,UIPATH INC - CLASS A,2022-05-01 00:00:00-04:00,2022,2,5,17.06999969482422,18.0,19.190000534057617,13.65999984741211,146659900,453568899,7742420967.511757,7.742420967511757,,,,,,,,549.3333,37.454544,5.8472123,5.2517524,,,,-78.61438266087704,Technology,Software - Infrastructure,United States,3868,2022-Q2
PATH,UIPATH INC - CLASS A,2022-06-01 00:00:00-04:00,2022,2,6,18.190000534057617,17.170000076293945,22.299999237060547,16.25,192540700,453568899,8250418515.041925,8.250418515041925,,,,,,,,549.3333,37.454544,5.8472123,5.2517524,,,,-73.22243419352425,Technology,Software - Infrastructure,United States,3868,2022-Q2
PATH,UIPATH INC - CLASS A,2022-07-01 00:00:00-04:00,2022,3,7,18.329999923706055,18.139999389648438,21.639999389648438,17.165000915527344,85988300,453568899,8313917884.065439,8.31391788406544,,,,,,,,549.3333,37.454544,5.8472123,5.2517524,,,,-70.70012864236965,Technology,Software - Infrastructure,United States,3868,2022-Q3
PATH,UIPATH INC - CLASS A,2022-08-01 00:00:00-04:00,2022,3,8,16.450000762939453,18.020000457763672,22.190000534057617,16.280000686645508,98566700,453568899,7461208734.595608,7.4612087345956075,,,,,,,,549.3333,37.454544,5.8472123,5.2517524,,,,-73.97151809437041,Technology,Software - Infrastructure,United States,3868,2022-Q3
PATH,UIPATH INC - CLASS A,2022-09-01 00:00:00-04:00,2022,3,9,12.609999656677246,16.09000015258789,16.920000076293945,12.119999885559082,231349100,453568899,5719503660.6694765,5.719503660669477,,,,,,,,549.3333,37.454544,5.8472123,5.2517524,,,,-76.03117371149375,Technology,Software - Infrastructure,United States,3868,2022-Q3
PATH,UIPATH INC - CLASS A,2022-10-01 00:00:00-04:00,2022,4,10,12.649999618530273,12.75,14.029999732971191,11.09000015258789,125282100,453568899,5737646399.327196,5.737646399327196,,,,,,,,549.3333,37.454544,5.8472123,5.2517524,,,,-74.82587140590991,Technology,Software - Infrastructure,United States,3868,2022-Q4
PATH,UIPATH INC - CLASS A,2022-11-01 00:00:00-04:00,2022,4,11,12.470000267028809,13.069999694824219,14.045000076293945,10.395999908447266,134711400,453568899,5656004291.645963,5.656004291645963,,,,,,,,549.3333,37.454544,5.8472123,5.2517524,,,,-74.1554398610802,Technology,Software - Infrastructure,United States,3868,2022-Q4
PATH,UIPATH INC - CLASS A,2022-12-01 00:00:00-05:00,2022,4,12,12.710000038146973,12.380000114440918,14.920000076293945,11.59000015258789,135074900,453568899,5764860723.59228,5.76486072359228,,,,,,,,549.3333,37.454544,5.8472123,5.2517524,,,,-70.53095357434826,Technology,Software - Infrastructure,United States,3868,2022-Q4
PATH,UIPATH INC - CLASS A,2023-01-01 00:00:00-05:00,2023,1,1,15.359999656677246,12.979999542236328,15.739999771118164,10.979999542236328,111725400,453568899,6966818132.9194765,6.966818132919476,,,,,,,,549.3333,37.454544,5.8472123,5.2517524,,,,-57.95236745153569,Technology,Software - Infrastructure,United States,3868,2023-Q1
PATH,UIPATH INC - CLASS A,2023-02-01 00:00:00-05:00,2023,1,2,14.84000015258789,15.529999732971191,18.34000015258789,14.449999809265137,100841400,453568899,6730962530.369122,6.730962530369122,,,,,,,,549.3333,37.454544,5.8472123,5.2517524,,,,-57.24574893686329,Technology,Software - Infrastructure,United States,3868,2023-Q1
PATH,UIPATH INC - CLASS A,2023-03-01 00:00:00-05:00,2023,1,3,17.559999465942383,14.869999885559082,18.1200008392334,13.260000228881836,179481700,453568899,7964669624.208075,7.964669624208074,,,,,,,,549.3333,37.454544,5.8472123,5.2517524,,,,-18.666052145268054,Technology,Software - Infrastructure,United States,3868,2023-Q1
PATH,UIPATH INC - CLASS A,2023-04-01 00:00:00-04:00,2023,2,4,14.079999923706055,17.209999084472656,17.559999465942383,13.762999534606934,83837100,453568899,6386250063.315439,6.3862500633154395,,,,,,,,549.3333,37.454544,5.8472123,5.2517524,,,,-21.031968682255297,Technology,Software - Infrastructure,United States,3868,2023-Q2
PATH,UIPATH INC - CLASS A,2023-05-01 00:00:00-04:00,2023,2,5,17.889999389648438,13.970000267028809,17.899999618530273,12.375,256613100,453568899,8114347326.273514,8.114347326273514,,,,,,,,549.3333,37.454544,5.8472123,5.2517524,,,,4.8037475658119,Technology,Software - Infrastructure,United States,3868,2023-Q2
PATH,UIPATH INC - CLASS A,2023-06-01 00:00:00-04:00,2023,2,6,16.56999969482422,17.270000457763672,19.940000534057617,15.600000381469727,256653500,453568899,7515636518.011757,7.515636518011757,,,,,,,,549.3333,37.454544,5.8472123,5.2517524,,,,-8.905996655691284,Technology,Software - Infrastructure,United States,3868,2023-Q2
PATH,UIPATH INC - CLASS A,2023-07-01 00:00:00-04:00,2023,3,7,18.079999923706055,16.549999237060547,19.02899932861328,15.850000381469727,152094800,453568899,8200525659.315439,8.200525659315439,,,,,,,,549.3333,37.454544,5.8472123,5.2517524,,,,-1.363884348284572,Technology,Software - Infrastructure,United States,3868,2023-Q3
PATH,UIPATH INC - CLASS A,2023-08-01 00:00:00-04:00,2023,3,8,15.8100004196167,17.860000610351562,17.8700008392334,14.119999885559082,134452600,453568899,7170924483.515084,7.170924483515084,,,,,,,,549.3333,37.454544,5.8472123,5.2517524,,,,-3.8905794142248595,Technology,Software - Infrastructure,United States,3868,2023-Q3
PATH,UIPATH INC - CLASS A,2023-09-01 00:00:00-04:00,2023,3,9,17.110000610351562,16.0,19.399999618530273,15.649999618530273,185432200,453568899,7760564138.726486,7.760564138726486,,,,,,,,549.3333,37.454544,5.8472123,5.2517524,,,,35.68597205545105,Technology,Software - Infrastructure,United States,3868,2023-Q3
PATH,UIPATH INC - CLASS A,2023-10-01 00:00:00-04:00,2023,4,10,15.529999732971191,17.149999618530273,17.59000015258789,14.895000457763672,130933200,453568899,7043924880.354037,7.043924880354037,,,,,,,,549.3333,37.454544,5.8472123,5.2517524,,,,22.766800010192622,Technology,Software - Infrastructure,United States,3868,2023-Q4
PATH,UIPATH INC - CLASS A,2023-11-01 00:00:00-04:00,2023,4,11,19.760000228881836,15.449999809265137,20.30500030517578,15.079999923706055,151105700,453568899,8962521548.053682,8.962521548053683,,,,,,,,549.3333,37.454544,5.8472123,5.2517524,,,,58.46030317359403,Technology,Software - Infrastructure,United States,3868,2023-Q4
PATH,UIPATH INC - CLASS A,2023-12-01 00:00:00-05:00,2023,4,12,24.84000015258789,22.610000610351562,26.524999618530273,22.1299991607666,275324500,453568899,11266651520.369122,11.266651520369122,,,,,,,,549.3333,37.454544,5.8472123,5.2517524,,,,95.43666465802296,Technology,Software - Infrastructure,United States,3868,2023-Q4
PATH,UIPATH INC - CLASS A,2024-01-01 00:00:00-05:00,2024,1,1,22.979999542236328,24.520000457763672,24.613000869750977,21.29199981689453,180195600,453568899,10423013091.392635,10.423013091392635,,,,,,,,549.3333,37.454544,5.8472123,5.2517524,,,,49.60937536379788,Technology,Software - Infrastructure,United States,3868,2024-Q1
PATH,UIPATH INC - CLASS A,2024-02-01 00:00:00-05:00,2024,1,2,23.75,23.100000381469727,27.8700008392334,22.15999984741211,197840100,453568899,10772261351.25,10.77226135125,,,,,,,,549.3333,37.454544,5.8472123,5.2517524,,,,60.0404296212782,Technology,Software - Infrastructure,United States,3868,2024-Q1
PATH,UIPATH INC - CLASS A,2024-03-01 00:00:00-05:00,2024,1,3,22.670000076293945,23.790000915527344,25.46500015258789,22.149999618530273,205860000,453568899,10282406974.93456,10.282406974934561,,,,,,,,549.3333,37.454544,5.8472123,5.2517524,,,,29.100232151273175,Technology,Software - Infrastructure,United States,3868,2024-Q1
PATH,UIPATH INC - CLASS A,2024-04-01 00:00:00-04:00,2024,2,4,18.969999313354492,22.600000381469727,22.829999923706055,18.489999771118164,131296200,453568899,8604201702.588953,8.604201702588954,,,,,,,,549.3333,37.454544,5.8472123,5.2517524,,,,34.730109489669104,Technology,Software - Infrastructure,United States,3868,2024-Q2
PATH,UIPATH INC - CLASS A,2024-05-01 00:00:00-04:00,2024,2,5,12.260000228881836,19.010000228881836,20.950000762939453,11.710000038146973,256019100,453568899,5560754805.553682,5.560754805553683,,,,,,,,549.3333,37.454544,5.8472123,5.2517524,,,,-31.470091407740618,Technology,Software - Infrastructure,United States,3868,2024-Q2
PATH,UIPATH INC - CLASS A,2024-06-01 00:00:00-04:00,2024,2,6,12.680000305175781,12.25,12.729999542236328,11.069999694824219,261152600,453568899,5751253777.738243,5.751253777738243,,,,,,,,549.3333,37.454544,5.8472123,5.2517524,,,,-23.476158486976384,Technology,Software - Infrastructure,United States,3868,2024-Q2
PATH,UIPATH INC - CLASS A,2024-07-01 00:00:00-04:00,2024,3,7,12.170000076293945,12.729999542236328,13.25,11.789999961853027,201543800,453568899,5519933535.434561,5.519933535434561,316253000.0,316.253,252933000.0,-86097000.0,-103349000.0,-98768000.0,4.363542429190048,549.3333,37.454544,5.8472123,5.2517524,,,,-32.68805239132253,Technology,Software - Infrastructure,United States,3868,2024-Q3
PATH,UIPATH INC - CLASS A,2024-08-01 00:00:00-04:00,2024,3,8,12.880000114440918,12.15999984741211,13.0600004196167,10.369999885559082,218245200,453568899,5841967471.026841,5.841967471026841,316253000.0,316.253,252933000.0,-86097000.0,-103349000.0,-98768000.0,4.618112295398653,549.3333,37.454544,5.8472123,5.2517524,,0.0,,-18.532575758444015,Technology,Software - Infrastructure,United States,3868,2024-Q3
PATH,UIPATH INC - CLASS A,2024-09-01 00:00:00-04:00,2024,3,9,12.800000190734863,12.850000381469727,14.0600004196167,11.65999984741211,238958800,453568899,5805681993.711402,5.805681993711402,316253000.0,316.253,252933000.0,-86097000.0,-103349000.0,-98768000.0,4.589428395708026,549.3333,37.454544,5.8472123,5.2517524,,0.0,,-25.189948953065176,Technology,Software - Infrastructure,United States,3868,2024-Q3
PATH,UIPATH INC - CLASS A,2024-10-01 00:00:00-04:00,2024,4,10,12.359999656677246,12.770000457763672,13.390000343322754,11.890000343322754,134090500,453568899,5606111435.9194765,5.606111435919477,354653000.0,354.653,290890000.0,-10655000.0,-43364000.0,-38830000.0,3.951828573224727,549.3333,37.454544,5.8472123,5.2517524,,12.142177307408941,,-20.412106444302314,Technology,Software - Infrastructure,United States,3868,2024-Q4
PATH,UIPATH INC - CLASS A,2024-11-01 00:00:00-04:00,2024,4,11,14.210000038146973,12.34000015258789,14.904999732971191,12.130000114440918,162098600,453568899,6445214072.09228,6.445214072092281,354653000.0,354.653,290890000.0,-10655000.0,-43364000.0,-38830000.0,4.5433240886812465,549.3333,37.454544,5.8472123,5.2517524,,0.0,12.142177307408941,-28.08704517433562,Technology,Software - Infrastructure,United States,3868,2024-Q4
PATH,UIPATH INC - CLASS A,2024-12-01 00:00:00-05:00,2024,4,12,12.710000038146973,14.470000267028809,15.930000305175781,12.479999542236328,228567600,453568899,5764860723.59228,5.76486072359228,354653000.0,354.653,290890000.0,-10655000.0,-43364000.0,-38830000.0,4.063733229094552,549.3333,37.454544,5.8472123,5.2517524,,0.0,12.142177307408941,-48.83252834109659,Technology,Software - Infrastructure,United States,3868,2024-Q4
PATH,UIPATH INC - CLASS A,2025-01-01 00:00:00-05:00,2025,1,1,14.220000267028809,12.960000038146973,15.345000267028809,12.619999885559082,183921800,453568899,6449749864.895963,6.449749864895963,423646000.0,423.646,359112000.0,51794000.0,33609000.0,36824000.0,3.8060962837463133,549.3333,37.454544,5.8472123,5.2517524,,19.45366315807282,33.95793873892106,-38.12010204398389,Technology,Software - Infrastructure,United States,3868,2025-Q1
PATH,UIPATH INC - CLASS A,2025-02-01 00:00:00-05:00,2025,1,2,12.300000190734863,13.720000267028809,15.399999618530273,12.029999732971191,148661100,453568899,5578897544.211402,5.578897544211402,423646000.0,423.646,359112000.0,51794000.0,33609000.0,36824000.0,3.292192977280207,549.3333,37.454544,5.8472123,5.2517524,,0.0,19.45366315807282,-48.21052551269531,Technology,Software - Infrastructure,United States,3868,2025-Q1
PATH,UIPATH INC - CLASS A,2025-03-01 00:00:00-05:00,2025,1,3,10.300000190734863,12.430000305175781,12.604999542236328,9.5,304416000,453568899,4671759746.211402,4.671759746211402,423646000.0,423.646,359112000.0,51794000.0,33609000.0,36824000.0,2.756877054316223,549.3333,37.454544,5.8472123,5.2517524,,0.0,19.45366315807282,-54.56550438433572,Technology,Software - Infrastructure,United States,3868,2025-Q1
PATH,UIPATH INC - CLASS A,2025-04-01 00:00:00-04:00,2025,2,4,11.9399995803833,10.420000076293945,11.960000038146973,9.380000114440918,334487700,453568899,5415612463.734916,5.415612463734916,356624000.0,356.624,292767000.0,-22555000.0,-16412000.0,-13159000.0,3.79644419874638,549.3333,37.454544,5.8472123,5.2517524,,-15.820283916288602,0.5557544980586693,-37.058513376024294,Technology,Software - Infrastructure,United States,3868,2025-Q2
PATH,UIPATH INC - CLASS A,2025-05-01 00:00:00-04:00,2025,2,5,13.3100004196167,12.010000228881836,14.984999656677246,11.630000114440918,239237100,453568899,6037002236.015084,6.037002236015084,356624000.0,356.624,292767000.0,-22555000.0,-16412000.0,-13159000.0,4.232049887286809,549.3333,37.454544,5.8472123,5.2517524,,0.0,-15.820283916288602,8.5644385899871,Technology,Software - Infrastructure,United States,3868,2025-Q2
PATH,UIPATH INC - CLASS A,2025-06-01 00:00:00-04:00,2025,2,6,12.800000190734863,13.289999961853027,13.498000144958496,11.835000038146973,207647500,453568899,5805681993.711402,5.805681993711402,356624000.0,356.624,292767000.0,-22555000.0,-16412000.0,-13159000.0,4.069890131981724,549.3333,37.454544,5.8472123,5.2517524,,0.0,-15.820283916288602,0.9463713144399533,Technology,Software - Infrastructure,United States,3868,2025-Q2
PATH,UIPATH INC - CLASS A,2025-07-01 00:00:00-04:00,2025,3,7,11.75,12.75,13.489999771118164,11.739999771118164,280574000,453568899,5329434563.25,5.32943456325,361728000.0,361.728,297348000.0,1584000.0,-20185000.0,-15955000.0,3.683316306209362,549.3333,37.454544,5.8472123,5.2517524,,1.4311992462649803,-14.615504454190532,-3.4511098903940662,Technology,Software - Infrastructure,United States,3868,2025-Q3
PATH,UIPATH INC - CLASS A,2025-08-01 00:00:00-04:00,2025,3,8,11.119999885559082,11.640000343322754,11.640000343322754,10.350000381469727,209792300,453568899,5043686104.973159,5.043686104973159,361728000.0,361.728,297348000.0,1584000.0,-20185000.0,-15955000.0,3.485827821576681,549.3333,37.454544,5.8472123,5.2517524,,0.0,1.4311992462649803,-13.664597928912613,Technology,Software - Infrastructure,United States,3868,2025-Q3
PATH,UIPATH INC - CLASS A,2025-09-01 00:00:00-04:00,2025,3,9,13.380000114440918,10.9399995803833,15.180000305175781,10.479999542236328,375134400,453568899,6068751920.526841,6.068751920526841,361728000.0,361.728,297348000.0,1584000.0,-20185000.0,-15955000.0,4.194278519030073,549.3333,37.454544,5.8472123,5.2517524,,0.0,1.4311992462649803,4.5312493364326745,Technology,Software - Infrastructure,United States,3868,2025-Q3
PATH,UIPATH INC - CLASS A,2025-10-01 00:00:00-04:00,2025,4,10,16.479999542236328,13.520000457763672,18.739999771118164,12.609999656677246,701943786,453568899,7474815247.892635,7.474815247892636,,,,,,,,549.3333,37.454544,5.8472123,5.2517524,,0.0,1.4311992462649803,33.33333333333333,Technology,Software - Infrastructure,United States,3868,2025-Q4
