ticker,company_name,date,year,quarter,month,close_price,open_price,high_price,low_price,volume,shares_outstanding,market_cap,market_cap_billions,revenue,revenue_millions,gross_profit,net_income,operating_income,ebitda,ps_ratio,current_pe,forward_pe,current_ps,current_pb,peg_ratio,revenue_qoq_pct,revenue_yoy_pct,market_cap_yoy_pct,sector,industry,country,employees,year_quarter
PEGA,PEGASYSTEMS INC,2015-01-01 00:00:00-05:00,2015,1,1,9.532882690429688,10.175877194179744,10.195362326585382,9.352649861188786,6232800,169722783,1617947380.232254,1.617947380232254,,,,,,,,43.032467,20.580744,6.4927354,18.934284,,,,,Technology,Software - Application,United States,5443,2015-Q1
PEGA,PEGASYSTEMS INC,2015-02-01 00:00:00-05:00,2015,1,2,9.64005184173584,9.576726072249462,11.418029806220956,9.459818031392901,8368000,169722783,1636136426.8436823,1.6361364268436822,,,,,,,,43.032467,20.580744,6.4927354,18.934284,,,,,Technology,Software - Application,United States,5443,2015-Q1
PEGA,PEGASYSTEMS INC,2015-03-01 00:00:00-05:00,2015,1,3,10.594799041748047,9.601079513242565,10.711707057612989,9.581595308482902,8013200,169722783,1798178778.6912117,1.7981787786912118,,,,,,,,43.032467,20.580744,6.4927354,18.934284,,,,,Technology,Software - Application,United States,5443,2015-Q1
PEGA,PEGASYSTEMS INC,2015-04-01 00:00:00-04:00,2015,2,4,10.50708293914795,10.624153384520923,11.033900408522934,10.107091087798791,5898800,169722783,1783291357.6440096,1.7832913576440097,,,,,,,,43.032467,20.580744,6.4927354,18.934284,,,,,Technology,Software - Application,United States,5443,2015-Q2
PEGA,PEGASYSTEMS INC,2015-05-01 00:00:00-04:00,2015,2,5,10.663180351257324,10.531475708271508,11.321701705399404,10.072948949576539,8012000,169722783,1809784644.8463106,1.8097846448463106,,,,,,,,43.032467,20.580744,6.4927354,18.934284,,,,,Technology,Software - Application,United States,5443,2015-Q2
PEGA,PEGASYSTEMS INC,2015-06-01 00:00:00-04:00,2015,2,6,11.165603637695312,10.692443823342026,11.75095677186679,10.46318099316133,6576200,169722783,1895057323.2645721,1.8950573232645722,,,,,,,,43.032467,20.580744,6.4927354,18.934284,,,,,Technology,Software - Application,United States,5443,2015-Q2
PEGA,PEGASYSTEMS INC,2015-07-01 00:00:00-04:00,2015,3,7,13.231196403503418,11.282415660637499,13.631697582976305,10.872145932499402,8978000,169722783,2245635476.022191,2.245635476022191,,,,,,,,43.032467,20.580744,6.4927354,18.934284,,,,,Technology,Software - Application,United States,5443,2015-Q3
PEGA,PEGASYSTEMS INC,2015-08-01 00:00:00-04:00,2015,3,8,11.971086502075195,13.255621269921605,13.294694546049774,11.492438636610023,8733600,169722783,2031766116.6659374,2.0317661166659375,,,,,,,,43.032467,20.580744,6.4927354,18.934284,,,,,Technology,Software - Application,United States,5443,2015-Q3
PEGA,PEGASYSTEMS INC,2015-09-01 00:00:00-04:00,2015,3,9,12.019922256469727,11.746408530198504,12.537643136458962,11.619421145633906,5849200,169722783,2040054656.8116817,2.040054656811682,,,,,,,,43.032467,20.580744,6.4927354,18.934284,,,,,Technology,Software - Application,United States,5443,2015-Q3
PEGA,PEGASYSTEMS INC,2015-10-01 00:00:00-04:00,2015,4,10,13.638923645019531,12.020249174994287,13.93233919069665,11.756175836804495,7570400,169722783,2314836078.157219,2.314836078157219,,,,,,,,43.032467,20.580744,6.4927354,18.934284,,,,,Technology,Software - Application,United States,5443,2015-Q4
PEGA,PEGASYSTEMS INC,2015-11-01 00:00:00-04:00,2015,4,11,14.445812225341797,13.614468588129768,14.783239113908422,13.5900176887526,7403400,169722783,2451783453.580433,2.451783453580433,,,,,,,,43.032467,20.580744,6.4927354,18.934284,,,,,Technology,Software - Application,United States,5443,2015-Q4
PEGA,PEGASYSTEMS INC,2015-12-01 00:00:00-05:00,2015,4,12,13.448203086853027,14.484937698864286,14.597413355368916,13.027640800932105,6756600,169722783,2282466454.2498865,2.2824664542498865,,,,,,,,43.032467,20.580744,6.4927354,18.934284,,,,,Technology,Software - Application,United States,5443,2015-Q4
PEGA,PEGASYSTEMS INC,2016-01-01 00:00:00-05:00,2016,1,1,11.504443168640137,13.237453353730281,13.477333120516477,11.21560813779178,7370200,169722783,1952566111.4469423,1.9525661114469424,,,,,,,,43.032467,20.580744,6.4927354,18.934284,,,,20.68168194485127,Technology,Software - Application,United States,5443,2016-Q1
PEGA,PEGASYSTEMS INC,2016-02-01 00:00:00-05:00,2016,1,2,11.920562744140625,11.440803161001263,12.395426706993575,9.977045376407014,12298800,169722783,2023191083.8616638,2.023191083861664,,,,,,,,43.032467,20.580744,6.4927354,18.934284,,,,23.656624879666044,Technology,Software - Application,United States,5443,2016-Q1
PEGA,PEGASYSTEMS INC,2016-03-01 00:00:00-05:00,2016,1,3,12.424798011779785,12.072321796931103,12.654887469054215,11.651307839998303,8289400,169722783,2108771296.772132,2.1087712967721317,,,,,,,,43.032467,20.580744,6.4927354,18.934284,,,,17.272616147043074,Technology,Software - Application,United States,5443,2016-Q1
PEGA,PEGASYSTEMS INC,2016-04-01 00:00:00-04:00,2016,2,4,12.934783935546875,12.331912443026525,13.145544116232958,11.817266229385663,6295800,169722783,2195327527.0447083,2.195327527044708,,,,,,,,43.032467,20.580744,6.4927354,18.934284,,,,23.105375778025362,Technology,Software - Application,United States,5443,2016-Q2
PEGA,PEGASYSTEMS INC,2016-05-01 00:00:00-04:00,2016,2,5,12.924985885620117,12.96419702903476,14.076813574000537,11.979015999016024,8318400,169722783,2193664574.743166,2.193664574743166,,,,,,,,43.032467,20.580744,6.4927354,18.934284,,,,21.211359649338558,Technology,Software - Application,United States,5443,2016-Q2
PEGA,PEGASYSTEMS INC,2016-06-01 00:00:00-04:00,2016,2,6,13.20926570892334,12.939688304432002,14.228756279942411,12.596591064443913,12027400,169722783,2241913337.504937,2.241913337504937,,,,,,,,43.032467,20.580744,6.4927354,18.934284,,,,18.30319378639398,Technology,Software - Application,United States,5443,2016-Q2
PEGA,PEGASYSTEMS INC,2016-07-01 00:00:00-04:00,2016,3,7,13.690674781799316,13.199969585778224,14.06851800736257,12.758335096548418,7604200,169722783,2323619425.1148977,2.323619425114898,,,,,,,,43.032467,20.580744,6.4927354,18.934284,,,,3.4726895760857746,Technology,Software - Application,United States,5443,2016-Q3
PEGA,PEGASYSTEMS INC,2016-08-01 00:00:00-04:00,2016,3,8,12.635659217834473,13.680860908309045,13.725024452295596,12.125325347743624,10673200,169722783,2144559247.49047,2.14455924749047,,,,,,,,43.032467,20.580744,6.4927354,18.934284,,,,5.55148202833613,Technology,Software - Application,United States,5443,2016-Q3
PEGA,PEGASYSTEMS INC,2016-09-01 00:00:00-04:00,2016,3,9,14.470893859863281,12.660191707078491,14.569035258128839,12.537515427219414,14143400,169722783,2456040378.393608,2.4560403783936082,,,,,,,,43.032467,20.580744,6.4927354,18.934284,,,,20.390910615701507,Technology,Software - Application,United States,5443,2016-Q3
PEGA,PEGASYSTEMS INC,2016-10-01 00:00:00-04:00,2016,4,10,15.178168296813965,14.465924706780163,16.258814034522356,13.964897561087898,15296600,169722783,2576080964.177636,2.576080964177636,,,,,,,,43.032467,20.580744,6.4927354,18.934284,,,,11.28567540853207,Technology,Software - Application,United States,5443,2016-Q4
PEGA,PEGASYSTEMS INC,2016-11-01 00:00:00-04:00,2016,4,11,17.732419967651367,15.22728648842625,18.10082206011329,14.2940013749017,19190600,169722783,3009595666.23456,3.00959566623456,,,,,,,,43.032467,20.580744,6.4927354,18.934284,,,,22.751283839505998,Technology,Software - Application,United States,5443,2016-Q4
PEGA,PEGASYSTEMS INC,2016-12-01 00:00:00-05:00,2016,4,12,17.68330192565918,17.732421459269972,18.223624290538282,16.725456029927955,11922200,169722783,3001259215.452135,3.001259215452135,,,,,,,,43.032467,20.580744,6.4927354,18.934284,,,,31.491931014533737,Technology,Software - Application,United States,5443,2016-Q4
PEGA,PEGASYSTEMS INC,2017-01-01 00:00:00-05:00,2017,1,1,19.074392318725586,17.869952198818396,19.59058040573269,17.378344139700026,12215600,169722783,3237358948.3679295,3.2373589483679295,,,,,,,,43.032467,20.580744,6.4927354,18.934284,,,,65.80022204569022,Technology,Software - Application,United States,5443,2017-Q1
PEGA,PEGASYSTEMS INC,2017-02-01 00:00:00-05:00,2017,1,2,21.13915252685547,19.19729976850727,21.55701874527501,18.53362945093825,11963800,169722783,3587795797.1193924,3.5877957971193926,,,,,,,,43.032467,20.580744,6.4927354,18.934284,,,,77.33351168547897,Technology,Software - Application,United States,5443,2017-Q1
PEGA,PEGASYSTEMS INC,2017-03-01 00:00:00-05:00,2017,1,3,21.557016372680664,21.26205223630002,22.36817056073181,20.033031875820246,14038400,169722783,3658716811.9479275,3.6587168119479276,,,,,,,,43.032467,20.580744,6.4927354,18.934284,,,,73.49993418197016,Technology,Software - Application,United States,5443,2017-Q1
PEGA,PEGASYSTEMS INC,2017-04-01 00:00:00-04:00,2017,2,4,22.40810775756836,21.571800382772583,22.82626238327743,21.03066131023422,7723800,169722783,3803166410.3783913,3.8031664103783913,,,,,,,,43.032467,20.580744,6.4927354,18.934284,,,,73.23913464056606,Technology,Software - Application,United States,5443,2017-Q2
PEGA,PEGASYSTEMS INC,2017-05-01 00:00:00-04:00,2017,2,5,28.75421142578125,22.580296511401283,28.75421142578125,22.26053122383514,21765000,169722783,4880244786.153992,4.880244786153992,,,,,,,,43.032467,20.580744,6.4927354,18.934284,,,,122.46996383781101,Technology,Software - Application,United States,5443,2017-Q2
PEGA,PEGASYSTEMS INC,2017-06-01 00:00:00-04:00,2017,2,6,28.70501136779785,28.77880392337865,31.90265624817326,27.991692088089145,16384800,169722783,4871894415.389288,4.871894415389288,,,,,,,,43.032467,20.580744,6.4927354,18.934284,,,,117.30966732243542,Technology,Software - Application,United States,5443,2017-Q2
PEGA,PEGASYSTEMS INC,2017-07-01 00:00:00-04:00,2017,3,7,29.752811431884766,28.891481086993856,30.835627098114998,28.227025122975895,7715600,169722783,5049729958.293697,5.049729958293697,,,,,,,,43.032467,20.580744,6.4927354,18.934284,,,,117.32173107668005,Technology,Software - Application,United States,5443,2017-Q3
PEGA,PEGASYSTEMS INC,2017-08-01 00:00:00-04:00,2017,3,8,28.32546615600586,29.875861686770545,30.63875398065819,25.24928603746588,17249000,169722783,4807476945.769627,4.8074769457696265,,,,,,,,43.032467,20.580744,6.4927354,18.934284,,,,124.17086174677907,Technology,Software - Application,United States,5443,2017-Q3
PEGA,PEGASYSTEMS INC,2017-09-01 00:00:00-04:00,2017,3,9,28.374691009521484,28.39930007916163,29.359068815540592,27.218045960918033,12706600,169722783,4815831524.901066,4.815831524901066,,,,,,,,43.032467,20.580744,6.4927354,18.934284,,,,96.08112176278215,Technology,Software - Application,United States,5443,2017-Q3
PEGA,PEGASYSTEMS INC,2017-10-01 00:00:00-04:00,2017,4,10,28.70963478088379,28.43878954190589,29.96537316417012,27.577008040636017,10804400,169722783,4872679113.925192,4.872679113925192,,,,,,,,43.032467,20.580744,6.4927354,18.934284,,,,89.15085285297701,Technology,Software - Application,United States,5443,2017-Q4
PEGA,PEGASYSTEMS INC,2017-11-01 00:00:00-04:00,2017,4,11,24.843935012817383,28.931242020420918,29.00510977273811,23.135144457458775,20720200,169722783,4216581791.046507,4.216581791046507,,,,,,,,43.032467,20.580744,6.4927354,18.934284,,,,40.10459406070521,Technology,Software - Application,United States,5443,2017-Q4
PEGA,PEGASYSTEMS INC,2017-12-01 00:00:00-05:00,2017,4,12,23.218856811523438,24.745440445821995,25.262508974953146,22.75103218858207,11726600,169722783,3940768996.1302643,3.9407689961302643,,,,,,,,43.032467,20.580744,6.4927354,18.934284,,,,31.30385325735996,Technology,Software - Application,United States,5443,2017-Q4
PEGA,PEGASYSTEMS INC,2018-01-01 00:00:00-05:00,2018,1,1,25.056903839111328,23.40615473102745,25.943875416916907,22.864118215465925,15988600,169722783,4252727452.937359,4.252727452937359,,,,,,,,43.032467,20.580744,6.4927354,18.934284,,,,31.364100205240252,Technology,Software - Application,United States,5443,2018-Q1
PEGA,PEGASYSTEMS INC,2018-02-01 00:00:00-05:00,2018,1,2,28.58014678955078,24.93371351623149,30.67438168361269,22.37135703199049,17936600,169722783,4850702051.671074,4.850702051671074,,,,,,,,43.032467,20.580744,6.4927354,18.934284,,,,35.2000594784591,Technology,Software - Application,United States,5443,2018-Q1
PEGA,PEGASYSTEMS INC,2018-03-01 00:00:00-05:00,2018,1,3,29.885967254638672,28.727977317540585,31.536716507430576,27.156069780827863,22115800,169722783,5072329535.104145,5.072329535104145,,,,,,,,43.032467,20.580744,6.4927354,18.934284,,,,38.636844440649675,Technology,Software - Application,United States,5443,2018-Q1
PEGA,PEGASYSTEMS INC,2018-04-01 00:00:00-04:00,2018,2,4,30.098529815673828,29.679468313031247,31.700828553432654,29.186453895474916,13773800,169722783,5108406244.524639,5.108406244524639,,,,,,,,43.032467,20.580744,6.4927354,18.934284,,,,34.31981915344022,Technology,Software - Application,United States,5443,2018-Q2
PEGA,PEGASYSTEMS INC,2018-05-01 00:00:00-04:00,2018,2,5,30.492948532104492,29.97528364149285,33.50033647238259,28.451868638394963,18700000,169722783,5175348086.744539,5.175348086744539,,,,,,,,43.032467,20.580744,6.4927354,18.934284,,,,6.046895463682511,Technology,Software - Application,United States,5443,2018-Q2
PEGA,PEGASYSTEMS INC,2018-06-01 00:00:00-04:00,2018,2,6,27.017187118530273,30.591541303500353,32.341741942069724,26.22836487826538,28321200,169722783,4585432186.588709,4.585432186588709,,,,,,,,43.032467,20.580744,6.4927354,18.934284,,,,-5.879894028403109,Technology,Software - Application,United States,5443,2018-Q2
PEGA,PEGASYSTEMS INC,2018-07-01 00:00:00-04:00,2018,3,7,27.426612854003906,26.736015798701068,29.745049992067177,26.588030849831224,15253600,169722783,4654921061.845116,4.654921061845116,,,,,,,,43.032467,20.580744,6.4927354,18.934284,,,,-7.818416028368924,Technology,Software - Application,United States,5443,2018-Q3
PEGA,PEGASYSTEMS INC,2018-08-01 00:00:00-04:00,2018,3,8,31.42222785949707,27.549942809850208,31.58501079103508,27.4266216658818,20959000,169722783,5333067960.373976,5.333067960373976,,,,,,,,43.032467,20.580744,6.4927354,18.934284,,,,10.932782840838096,Technology,Software - Application,United States,5443,2018-Q3
PEGA,PEGASYSTEMS INC,2018-09-01 00:00:00-04:00,2018,3,9,30.879610061645508,31.249573449996202,33.025396961387095,29.671064498418122,12682000,169722783,5240973357.617277,5.2409733576172775,,,,,,,,43.032467,20.580744,6.4927354,18.934284,,,,8.828004686583068,Technology,Software - Application,United States,5443,2018-Q3
PEGA,PEGASYSTEMS INC,2018-10-01 00:00:00-04:00,2018,4,10,26.4130916595459,31.140994565750198,31.57035671248005,24.85357437815657,16950200,169722783,4482903424.092218,4.4829034240922185,,,,,,,,43.032467,20.580744,6.4927354,18.934284,,,,-7.999207021842835,Technology,Software - Application,United States,5443,2018-Q4
PEGA,PEGASYSTEMS INC,2018-11-01 00:00:00-04:00,2018,4,11,26.645044326782227,26.4229607945939,28.688209057670353,23.920824058057317,18593200,169722783,4522271076.299841,4.522271076299841,,,,,,,,43.032467,20.580744,6.4927354,18.934284,,,,7.24969419311241,Technology,Software - Application,United States,5443,2018-Q4
PEGA,PEGASYSTEMS INC,2018-12-01 00:00:00-05:00,2018,4,12,23.604965209960938,27.1237469509387,27.31128430509335,21.32491085227562,15155000,169722783,4006300388.0527496,4.0063003880527495,,,,,,,,43.032467,20.580744,6.4927354,18.934284,,,,1.6629087365140016,Technology,Software - Application,United States,5443,2018-Q4
PEGA,PEGASYSTEMS INC,2019-01-01 00:00:00-05:00,2019,1,1,27.79768180847168,23.16061996853859,28.22731323659219,22.345799988899497,12206200,169722783,4717899917.482286,4.717899917482287,,,,,,,,43.032467,20.580744,6.4927354,18.934284,,,,10.938214820788318,Technology,Software - Application,United States,5443,2019-Q1
PEGA,PEGASYSTEMS INC,2019-02-01 00:00:00-05:00,2019,1,2,32.449562072753906,27.817438996237655,32.71129131528774,27.555707869892267,17194400,169722783,5507429982.119041,5.507429982119041,,,,,,,,43.032467,20.580744,6.4927354,18.934284,,,,13.53882228700738,Technology,Software - Application,United States,5443,2019-Q1
PEGA,PEGASYSTEMS INC,2019-03-01 00:00:00-05:00,2019,1,3,32.09894561767578,32.59277555025541,32.93845499601179,30.612518349488248,17831600,169722783,5447922381.597588,5.4479223815975875,,,,,,,,43.032467,20.580744,6.4927354,18.934284,,,,7.404740640253582,Technology,Software - Application,United States,5443,2019-Q1
PEGA,PEGASYSTEMS INC,2019-04-01 00:00:00-04:00,2019,2,4,37.05942916870117,32.38068194204767,37.79063561147799,32.32633505880891,13043400,169722783,6289829454.903339,6.289829454903339,,,,,,,,43.032467,20.580744,6.4927354,18.934284,,,,23.127041073622312,Technology,Software - Application,United States,5443,2019-Q2
PEGA,PEGASYSTEMS INC,2019-05-01 00:00:00-04:00,2019,2,5,35.641483306884766,37.118721452862,37.19777285153625,33.408334065631195,15975400,169722783,6049171737.0925255,6.049171737092525,,,,,,,,43.032467,20.580744,6.4927354,18.934284,,,,16.88434547206754,Technology,Software - Application,United States,5443,2019-Q2
PEGA,PEGASYSTEMS INC,2019-06-01 00:00:00-04:00,2019,2,6,35.18199157714844,35.64640891180987,37.05447833465133,34.267981865435665,13363000,169722783,5971185521.956192,5.971185521956192,,,,,,,,43.032467,20.580744,6.4927354,18.934284,,,,30.220779175853462,Technology,Software - Application,United States,5443,2019-Q2
PEGA,PEGASYSTEMS INC,2019-07-01 00:00:00-04:00,2019,3,7,37.36684799194336,35.67150007391798,39.37852871936841,35.192057099082206,10432600,169722783,6342005433.130589,6.342005433130589,,,,,,,,43.032467,20.580744,6.4927354,18.934284,,,,36.243028589978856,Technology,Software - Application,United States,5443,2019-Q3
PEGA,PEGASYSTEMS INC,2019-08-01 00:00:00-04:00,2019,3,8,34.6730842590332,37.31248752259985,37.81664565965371,33.41763644939044,14534400,169722783,5884812355.636608,5.884812355636608,,,,,,,,43.032467,20.580744,6.4927354,18.934284,,,,10.345722187720675,Technology,Software - Application,United States,5443,2019-Q3
PEGA,PEGASYSTEMS INC,2019-09-01 00:00:00-04:00,2019,3,9,33.63511657714844,34.233183563766,36.1460084143482,33.17050099622839,9011800,169722783,5708645592.003067,5.708645592003067,,,,,,,,43.032467,20.580744,6.4927354,18.934284,,,,8.923385075142033,Technology,Software - Application,United States,5443,2019-Q3
PEGA,PEGASYSTEMS INC,2019-10-01 00:00:00-04:00,2019,4,10,37.19062805175781,33.966551825156,37.991703976825825,33.34843873340495,14168600,169722783,6312096894.462204,6.312096894462204,,,,,,,,43.032467,20.580744,6.4927354,18.934284,,,,40.80376705283126,Technology,Software - Application,United States,5443,2019-Q4
PEGA,PEGASYSTEMS INC,2019-11-01 00:00:00-04:00,2019,4,11,38.38235855102539,37.190634492854834,39.10925650378024,34.871472563693914,10472400,169722783,6514360711.383877,6.514360711383877,,,,,,,,43.032467,20.580744,6.4927354,18.934284,,,,44.05064626762667,Technology,Software - Application,United States,5443,2019-Q4
PEGA,PEGASYSTEMS INC,2019-12-01 00:00:00-05:00,2019,4,12,39.38616180419922,38.32795263148256,39.47022426823222,36.6269044184446,9033400,169722783,6684728993.0969925,6.684728993096993,,,,,,,,43.032467,20.580744,6.4927354,18.934284,,,,66.85541136734594,Technology,Software - Application,United States,5443,2019-Q4
PEGA,PEGASYSTEMS INC,2020-01-01 00:00:00-05:00,2020,1,1,42.64612579345703,39.57912831541845,44.456646362258915,37.595471461807406,10265400,169722783,7238019153.833611,7.23801915383361,,,,,,,,43.032467,20.580744,6.4927354,18.934284,,,,53.41612328428089,Technology,Software - Application,United States,5443,2020-Q1
PEGA,PEGASYSTEMS INC,2020-02-01 00:00:00-05:00,2020,1,2,44.76829147338867,43.2990994256013,51.016063830837446,42.75495520118432,20064200,169722783,7598199019.018696,7.598199019018696,,,,,,,,43.032467,20.580744,6.4927354,18.934284,,,,37.96269845804212,Technology,Software - Application,United States,5443,2020-Q1
PEGA,PEGASYSTEMS INC,2020-03-01 00:00:00-05:00,2020,1,3,35.23586654663086,45.28276153203376,45.91100005682391,18.802683773351763,22241000,169722783,5980329331.710789,5.980329331710789,,,,,,,,43.032467,20.580744,6.4927354,18.934284,,,,9.772660343172412,Technology,Software - Application,United States,5443,2020-Q1
PEGA,PEGASYSTEMS INC,2020-04-01 00:00:00-04:00,2020,2,4,41.381710052490234,33.97833377689604,42.33682498201308,29.75702209909795,20459200,169722783,7023418995.407719,7.023418995407718,,,,,,,,43.032467,20.580744,6.4927354,18.934284,,,,11.663107016876229,Technology,Software - Application,United States,5443,2020-Q2
PEGA,PEGASYSTEMS INC,2020-05-01 00:00:00-04:00,2020,2,5,47.07281494140625,39.76841177665231,47.47366506837962,38.610394845054515,18194800,169722783,7989329155.499451,7.98932915549945,,,,,,,,43.032467,20.580744,6.4927354,18.934284,,,,32.073108563114495,Technology,Software - Application,United States,5443,2020-Q2
PEGA,PEGASYSTEMS INC,2020-06-01 00:00:00-04:00,2020,2,6,50.06681442260742,46.89464789470395,50.175688204252616,44.202509932641384,15933200,169722783,8497479079.74947,8.49747907974947,,,,,,,,43.032467,20.580744,6.4927354,18.934284,,,,42.30807347224492,Technology,Software - Application,United States,5443,2020-Q2
PEGA,PEGASYSTEMS INC,2020-07-01 00:00:00-04:00,2020,3,7,57.86410140991211,50.17628013389774,57.918555054413524,47.65162592534383,14760000,169722783,9820856327.084507,9.820856327084506,,,,,,,,43.032467,20.580744,6.4927354,18.934284,,,,54.854114059575345,Technology,Software - Application,United States,5443,2020-Q3
PEGA,PEGASYSTEMS INC,2020-08-01 00:00:00-04:00,2020,3,8,63.59654998779297,57.918551240526355,64.84897617529019,54.978069738206365,12924000,169722783,10793783453.126839,10.793783453126839,,,,,,,,43.032467,20.580744,6.4927354,18.934284,,,,83.4176317072932,Technology,Software - Application,United States,5443,2020-Q3
PEGA,PEGASYSTEMS INC,2020-09-01 00:00:00-04:00,2020,3,9,59.91847610473633,63.89357312622299,67.00731081263565,56.77998161246657,11185200,169722783,10169530517.61485,10.169530517614849,,,,,,,,43.032467,20.580744,6.4927354,18.934284,,,,78.14261463105706,Technology,Software - Application,United States,5443,2020-Q3
PEGA,PEGASYSTEMS INC,2020-10-01 00:00:00-04:00,2020,4,10,57.37826919555664,60.65618004015242,66.98422825949903,56.170099688500144,12986800,169722783,9738399531.593044,9.738399531593045,,,,,,,,43.032467,20.580744,6.4927354,18.934284,,,,54.281527904567504,Technology,Software - Application,United States,5443,2020-Q4
PEGA,PEGASYSTEMS INC,2020-11-01 00:00:00-04:00,2020,4,11,64.8055419921875,57.43272002445791,65.96419667800077,55.82842746805774,8805000,169722783,10998976940.737427,10.998976940737426,,,,,,,,43.032467,20.580744,6.4927354,18.934284,,,,68.84200043630777,Technology,Software - Application,United States,5443,2020-Q4
PEGA,PEGASYSTEMS INC,2020-12-01 00:00:00-05:00,2020,4,12,65.9840087890625,64.68176306176132,69.76202417253351,60.23529266663219,10550000,169722783,11198989605.176147,11.198989605176147,,,,,,,,43.032467,20.580744,6.4927354,18.934284,,,,67.53094428720776,Technology,Software - Application,United States,5443,2020-Q4
PEGA,PEGASYSTEMS INC,2021-01-01 00:00:00-05:00,2021,1,1,63.121665954589844,66.32108843886598,72.93288665601207,62.71554788429613,13670600,169722783,10713184813.40934,10.71318481340934,,,,,,,,43.032467,20.580744,6.4927354,18.934284,,,,48.01266183075947,Technology,Software - Application,United States,5443,2021-Q1
PEGA,PEGASYSTEMS INC,2021-02-01 00:00:00-05:00,2021,1,2,65.54849243164062,63.53770507115926,73.69562088450228,62.88395753870376,13929600,169722783,11125072556.952484,11.125072556952484,,,,,,,,43.032467,20.580744,6.4927354,18.934284,,,,46.41723030820641,Technology,Software - Application,United States,5443,2021-Q1
PEGA,PEGASYSTEMS INC,2021-03-01 00:00:00-05:00,2021,1,3,56.62873077392578,66.12793962783242,67.71278982429284,54.01372606047561,18971200,169722783,9611185784.708427,9.611185784708427,,,,,,,,43.032467,20.580744,6.4927354,18.934284,,,,60.71331947799206,Technology,Software - Application,United States,5443,2021-Q1
PEGA,PEGASYSTEMS INC,2021-04-01 00:00:00-04:00,2021,2,4,62.88585662841797,57.67426479223781,66.49235537337616,57.26308332741058,15657000,169722783,10673162598.314095,10.673162598314095,,,,,,,,43.032467,20.580744,6.4927354,18.934284,,,,51.96534060252949,Technology,Software - Application,United States,5443,2021-Q2
PEGA,PEGASYSTEMS INC,2021-05-01 00:00:00-04:00,2021,2,5,58.52635192871094,63.22768050198971,63.22768050198971,56.97575668801476,11002600,169722783,9933255328.178238,9.933255328178237,,,,,,,,43.032467,20.580744,6.4927354,18.934284,,,,24.331531907665706,Technology,Software - Application,United States,5443,2021-Q2
PEGA,PEGASYSTEMS INC,2021-06-01 00:00:00-04:00,2021,2,6,68.95446014404297,58.78393813991982,71.16889017213747,56.64381480034869,15261800,169722783,11703142875.909554,11.703142875909554,,,,,,,,43.032467,20.580744,6.4927354,18.934284,,,,37.72488012120645,Technology,Software - Application,United States,5443,2021-Q2
PEGA,PEGASYSTEMS INC,2021-07-01 00:00:00-04:00,2021,3,7,63.246002197265625,68.87491654228953,70.03935160886154,62.43833367357265,9927400,169722783,10734287506.544037,10.734287506544037,,,,,,,,43.032467,20.580744,6.4927354,18.934284,,,,9.300932108541481,Technology,Software - Application,United States,5443,2021-Q3
PEGA,PEGASYSTEMS INC,2021-08-01 00:00:00-04:00,2021,3,8,68.19607543945312,63.295547641451115,69.33077390168108,61.670298522374914,7265400,169722783,11574427713.261932,11.574427713261933,,,,,,,,43.032467,20.580744,6.4927354,18.934284,,,,7.2323505796195064,Technology,Software - Application,United States,5443,2021-Q3
PEGA,PEGASYSTEMS INC,2021-09-01 00:00:00-04:00,2021,3,9,62.978416442871094,68.47354544829736,70.63393834701012,62.641474327097896,8883800,169722783,10688872107.617043,10.688872107617042,,,,,,,,43.032467,20.580744,6.4927354,18.934284,,,,5.106839387547257,Technology,Software - Application,United States,5443,2021-Q3
PEGA,PEGASYSTEMS INC,2021-10-01 00:00:00-04:00,2021,4,10,58.8399543762207,63.25592266013801,65.30283006804201,57.48691132267254,8252600,169722783,9986480808.325207,9.986480808325206,,,,,,,,43.032467,20.580744,6.4927354,18.934284,,,,2.5474542908960007,Technology,Software - Application,United States,5443,2021-Q4
PEGA,PEGASYSTEMS INC,2021-11-01 00:00:00-04:00,2021,4,11,56.90702438354492,58.810205013922996,61.149525612291555,56.09916605144331,12009400,169722783,9658418550.624104,9.658418550624104,,,,,,,,43.032467,20.580744,6.4927354,18.934284,,,,-12.188028007843476,Technology,Software - Application,United States,5443,2021-Q4
PEGA,PEGASYSTEMS INC,2021-12-01 00:00:00-05:00,2021,4,12,55.42015838623047,57.43237183962927,58.269969793765064,50.16163651260805,15075200,169722783,9406063515.611824,9.406063515611825,,,,,,,,43.032467,20.580744,6.4927354,18.934284,,,,-16.009712954243994,Technology,Software - Application,United States,5443,2021-Q4
PEGA,PEGASYSTEMS INC,2022-01-01 00:00:00-05:00,2022,1,1,49.188331604003906,55.39016718022948,55.39016718022948,44.131677689929326,16278200,169722783,8348380530.958397,8.348380530958396,,,,,,,,43.032467,20.580744,6.4927354,18.934284,,,,-22.073774733083994,Technology,Software - Application,United States,5443,2022-Q1
PEGA,PEGASYSTEMS INC,2022-02-01 00:00:00-05:00,2022,1,2,43.18975830078125,49.52544518049461,50.81439492957041,36.839195738124836,22349200,169722783,7330285975.905945,7.330285975905944,,,,,,,,43.032467,20.580744,6.4927354,18.934284,,,,-34.110218712012184,Technology,Software - Application,United States,5443,2022-Q1
PEGA,PEGASYSTEMS INC,2022-03-01 00:00:00-05:00,2022,1,3,39.98225402832031,43.01128802577015,43.55165392343845,35.50067180659048,23096800,169722783,6785899424.299484,6.785899424299484,,,,,,,,43.032467,20.580744,6.4927354,18.934284,,,,-29.395814665283293,Technology,Software - Application,United States,5443,2022-Q1
PEGA,PEGASYSTEMS INC,2022-04-01 00:00:00-04:00,2022,2,4,37.98360824584961,40.26986579343084,40.83027400386201,33.82767995240937,16965400,169722783,6446683699.867344,6.446683699867344,,,,,,,,43.032467,20.580744,6.4927354,18.934284,,,,-39.59912406013897,Technology,Software - Application,United States,5443,2022-Q2
PEGA,PEGASYSTEMS INC,2022-05-01 00:00:00-04:00,2022,2,5,24.56858253479004,37.41823663736629,38.45970156115104,18.101599635594006,37510600,169722783,4169848202.1697598,4.16984820216976,,,,,,,,43.032467,20.580744,6.4927354,18.934284,,,,-58.021332741332934,Technology,Software - Application,United States,5443,2022-Q2
PEGA,PEGASYSTEMS INC,2022-06-01 00:00:00-04:00,2022,2,6,23.725496292114258,24.915739333955642,27.54419066852961,21.429320020716172,20891000,169722783,4026757258.753813,4.026757258753813,,,,,,,,43.032467,20.580744,6.4927354,18.934284,,,,-65.59251389605154,Technology,Software - Application,United States,5443,2022-Q2
PEGA,PEGASYSTEMS INC,2022-07-01 00:00:00-04:00,2022,3,7,19.923919677734375,23.739982171821254,25.908537698638288,18.569190772719733,21320000,169722783,3381543095.9735413,3.3815430959735413,,,,,,,,43.032467,20.580744,6.4927354,18.934284,,,,-68.49774059142703,Technology,Software - Application,United States,5443,2022-Q3
PEGA,PEGASYSTEMS INC,2022-08-01 00:00:00-04:00,2022,3,8,18.167240142822266,19.889183448514952,21.37789471646987,17.710701036292406,24809800,169722783,3083394556.4691124,3.0833945564691123,,,,,,,,43.032467,20.580744,6.4927354,18.934284,,,,-73.36028499330321,Technology,Software - Application,United States,5443,2022-Q3
PEGA,PEGASYSTEMS INC,2022-09-01 00:00:00-04:00,2022,3,9,15.949060440063477,17.715665236192205,20.777447301542338,15.735678330955437,20570000,169722783,2706918924.122778,2.706918924122778,,,,,,,,43.032467,20.580744,6.4927354,18.934284,,,,-74.67535492174345,Technology,Software - Application,United States,5443,2022-Q3
PEGA,PEGASYSTEMS INC,2022-10-01 00:00:00-04:00,2022,4,10,18.481767654418945,15.988392637804651,18.551303699968663,14.428791977166199,15254200,169722783,3136777041.0673656,3.1367770410673654,,,,,,,,43.032467,20.580744,6.4927354,18.934284,,,,-68.58976549123894,Technology,Software - Application,United States,5443,2022-Q4
PEGA,PEGASYSTEMS INC,2022-11-01 00:00:00-04:00,2022,4,11,18.00494956970215,18.819518019494215,19.37580834464471,15.427137214324642,19374600,169722783,3055850148.744501,3.055850148744501,,,,,,,,43.032467,20.580744,6.4927354,18.934284,,,,-68.36076079404283,Technology,Software - Application,United States,5443,2022-Q4
PEGA,PEGASYSTEMS INC,2022-12-01 00:00:00-05:00,2022,4,12,17.00660514831543,18.034749591694595,19.832760381822702,16.201968883719875,14196400,169722783,2886408355.1542225,2.8864083551542223,,,,,,,,43.032467,20.580744,6.4927354,18.934284,,,,-69.31332272673396,Technology,Software - Application,United States,5443,2022-Q4
PEGA,PEGASYSTEMS INC,2023-01-01 00:00:00-05:00,2023,1,1,19.328062057495117,17.404202716093096,19.546794581379178,16.559098662324867,14851800,169722783,3280412482.3947773,3.280412482394777,,,,,,,,43.032467,20.580744,6.4927354,18.934284,,,,-60.70600195774516,Technology,Software - Application,United States,5443,2023-Q1
PEGA,PEGASYSTEMS INC,2023-02-01 00:00:00-05:00,2023,1,2,23.05647087097168,19.382747245702866,25.298485587095687,18.791172084107398,17596200,169722783,3913208402.3797474,3.9132084023797473,,,,,,,,43.032467,20.580744,6.4927354,18.934284,,,,-46.6158835379391,Technology,Software - Application,United States,5443,2023-Q1
PEGA,PEGASYSTEMS INC,2023-03-01 00:00:00-05:00,2023,1,3,24.100425720214844,23.096241078160126,24.125281390805252,21.4955127564711,13046000,169722783,4090391324.7196426,4.090391324719643,,,,,,,,43.032467,20.580744,6.4927354,18.934284,,,,-39.72219349328334,Technology,Software - Application,United States,5443,2023-Q1
PEGA,PEGASYSTEMS INC,2023-04-01 00:00:00-04:00,2023,2,4,22.693485260009766,23.832637018858385,24.18084958719888,21.623977532913912,11904200,169722783,3851601474.298336,3.851601474298336,,,,,,,,43.032467,20.580744,6.4927354,18.934284,,,,-40.25453002483134,Technology,Software - Application,United States,5443,2023-Q2
PEGA,PEGASYSTEMS INC,2023-05-01 00:00:00-04:00,2023,2,5,24.056489944458008,22.66364146139949,24.195774223482065,20.62908715408417,12428600,169722783,4082934422.5849285,4.082934422584929,,,,,,,,43.032467,20.580744,6.4927354,18.934284,,,,-2.0843391742559336,Technology,Software - Application,United States,5443,2023-Q2
PEGA,PEGASYSTEMS INC,2023-06-01 00:00:00-04:00,2023,2,6,24.52408790588379,23.832638255814878,25.732881861617905,22.902414748732628,11642400,169722783,4162296449.9232388,4.162296449923239,,,,,,,,43.032467,20.580744,6.4927354,18.934284,,,,3.365963788226267,Technology,Software - Application,United States,5443,2023-Q2
PEGA,PEGASYSTEMS INC,2023-07-01 00:00:00-04:00,2023,3,7,26.256614685058594,24.449760858483184,29.482071578705142,24.031645970485258,14214000,169722783,4456345716.506813,4.456345716506813,,,,,,,,43.032467,20.580744,6.4927354,18.934284,,,,31.784383343008614,Technology,Software - Application,United States,5443,2023-Q3
PEGA,PEGASYSTEMS INC,2023-08-01 00:00:00-04:00,2023,3,8,24.718549728393555,25.88329822444508,26.754370760844676,22.408963421402905,10712400,169722783,4195301051.626848,4.195301051626848,,,,,,,,43.032467,20.580744,6.4927354,18.934284,,,,36.06111624037545,Technology,Software - Application,United States,5443,2023-Q3
PEGA,PEGASYSTEMS INC,2023-09-01 00:00:00-04:00,2023,3,9,21.607576370239258,24.798190554137626,25.554779498836396,20.671795057218752,9306200,169722783,3667297995.442045,3.6672979954420453,,,,,,,,43.032467,20.580744,6.4927354,18.934284,,,,35.47867883152407,Technology,Software - Application,United States,5443,2023-Q3
PEGA,PEGASYSTEMS INC,2023-10-01 00:00:00-04:00,2023,4,10,21.28886604309082,21.5379168761166,22.245220329858427,18.758508667497498,10636000,169722783,3613205591.747572,3.613205591747572,,,,,,,,43.032467,20.580744,6.4927354,18.934284,,,,15.188473533269997,Technology,Software - Application,United States,5443,2023-Q4
PEGA,PEGASYSTEMS INC,2023-11-01 00:00:00-04:00,2023,4,11,25.891324996948242,21.204188282516128,26.897490614619066,21.124492090032653,13574200,169722783,4394347734.039522,4.394347734039522,,,,,,,,43.032467,20.580744,6.4927354,18.934284,,,,43.801152548168766,Technology,Software - Application,United States,5443,2023-Q4
PEGA,PEGASYSTEMS INC,2023-12-01 00:00:00-05:00,2023,4,12,24.337249755859375,26.100530258129922,26.668365901208553,24.227666772069735,14219400,169722783,4130585759.1305237,4.130585759130524,,,,,,,,43.032467,20.580744,6.4927354,18.934284,,,,43.10469105158283,Technology,Software - Application,United States,5443,2023-Q4
PEGA,PEGASYSTEMS INC,2024-01-01 00:00:00-05:00,2024,1,1,24.29221534729004,24.077901443863457,25.079692793738353,21.964667338422476,13908400,169722783,4122942393.977377,4.122942393977377,,,,,,,,43.032467,20.580744,6.4927354,18.934284,,,,25.68365765294043,Technology,Software - Application,United States,5443,2024-Q1
PEGA,PEGASYSTEMS INC,2024-02-01 00:00:00-05:00,2024,1,2,32.416202545166016,24.441737086651024,34.51946841825278,23.833683487035824,29479400,169722783,5501768110.257259,5.5017681102572595,,,,,,,,43.032467,20.580744,6.4927354,18.934284,,,,40.594814907160526,Technology,Software - Application,United States,5443,2024-Q1
PEGA,PEGASYSTEMS INC,2024-03-01 00:00:00-05:00,2024,1,3,32.21683883666992,32.41620122552116,33.607386650692646,30.75651475692746,18648400,169722783,5467931546.822102,5.4679315468221015,,,,,,,,43.032467,20.580744,6.4927354,18.934284,,,,33.677467820193854,Technology,Software - Application,United States,5443,2024-Q1
PEGA,PEGASYSTEMS INC,2024-04-01 00:00:00-04:00,2024,2,4,29.628822326660156,32.01229151073458,32.191800000305186,27.200476020193086,21239600,169722783,5028686182.293297,5.0286861822932964,351153000.0,351.153,254207000.0,6613000.0,13601000.0,25841000.0,3.5801247478259453,43.032467,20.580744,6.4927354,18.934284,,,,30.560916435659948,Technology,Software - Application,United States,5443,2024-Q2
PEGA,PEGASYSTEMS INC,2024-05-01 00:00:00-04:00,2024,2,5,28.651500701904297,29.653755810408096,32.00232079865927,27.77889146021912,20097600,169722783,4862812436.253651,4.862812436253651,351153000.0,351.153,254207000.0,6613000.0,13601000.0,25841000.0,3.4620325301603936,43.032467,20.580744,6.4927354,18.934284,,0.0,,19.100919411166473,Technology,Software - Application,United States,5443,2024-Q2
PEGA,PEGASYSTEMS INC,2024-06-01 00:00:00-04:00,2024,2,6,30.182308197021484,29.07534227506652,30.471516760919837,27.873634698388923,22275200,169722783,5122625344.562199,5.1226253445621985,351153000.0,351.153,254207000.0,6613000.0,13601000.0,25841000.0,3.6470038306394925,43.032467,20.580744,6.4927354,18.934284,,0.0,,23.072092682314114,Technology,Software - Application,United States,5443,2024-Q2
PEGA,PEGASYSTEMS INC,2024-07-01 00:00:00-04:00,2024,3,7,34.76475143432617,30.022742618815872,36.27062393562393,28.227661581444785,26287600,169722783,5900370363.73708,5.900370363737079,325050000.0,325.05,228344000.0,-14390000.0,-9176000.0,-9986000.0,4.538048272371235,43.032467,20.580744,6.4927354,18.934284,,-7.4335118879804485,,32.403784156185054,Technology,Software - Application,United States,5443,2024-Q3
PEGA,PEGASYSTEMS INC,2024-08-01 00:00:00-04:00,2024,3,8,35.36069107055664,35.211029023945066,35.84460634753829,31.524296088770033,27786200,169722783,6001514897.298122,6.001514897298122,325050000.0,325.05,228344000.0,-14390000.0,-9176000.0,-9986000.0,4.615839791799817,43.032467,20.580744,6.4927354,18.934284,,0.0,-7.4335118879804485,43.05325943106904,Technology,Software - Application,United States,5443,2024-Q3
PEGA,PEGASYSTEMS INC,2024-09-01 00:00:00-04:00,2024,3,9,36.463218688964844,35.12622096125835,37.1167555345883,31.95333678097859,25412200,169722783,6188638953.028725,6.1886389530287245,325050000.0,325.05,228344000.0,-14390000.0,-9176000.0,-9986000.0,4.7597592316787605,43.032467,20.580744,6.4927354,18.934284,,0.0,-7.4335118879804485,68.75200653779333,Technology,Software - Application,United States,5443,2024-Q3
PEGA,PEGASYSTEMS INC,2024-10-01 00:00:00-04:00,2024,4,10,39.6311149597168,36.50312839774388,41.15768987530205,34.268143248692596,26638400,169722783,6726303124.356068,6.726303124356067,490830000.0,490.83,388475000.0,119090000.0,144234000.0,178094000.0,3.4259841107695475,43.032467,20.580744,6.4927354,18.934284,,51.00138440239963,39.7766785418322,86.15888173423332,Technology,Software - Application,United States,5443,2024-Q4
PEGA,PEGASYSTEMS INC,2024-11-01 00:00:00-04:00,2024,4,11,47.398193359375,39.712268955078414,48.41133723032014,39.712268955078414,19087800,169722783,8044553286.125244,8.044553286125245,490830000.0,490.83,388475000.0,119090000.0,144234000.0,178094000.0,4.097423387998515,43.032467,20.580744,6.4927354,18.934284,,0.0,51.00138440239963,83.06592406901434,Technology,Software - Application,United States,5443,2024-Q4
PEGA,PEGASYSTEMS INC,2024-12-01 00:00:00-05:00,2024,4,12,46.514808654785156,47.213529740890216,48.88047878092903,45.86100728384666,16847200,169722783,7894622775.602623,7.894622775602623,490830000.0,490.83,388475000.0,119090000.0,144234000.0,178094000.0,4.021057583889851,43.032467,20.580744,6.4927354,18.934284,,0.0,51.00138440239963,91.12598638466274,Technology,Software - Application,United States,5443,2024-Q4
PEGA,PEGASYSTEMS INC,2025-01-01 00:00:00-05:00,2025,1,1,54.0460205078125,46.91408149213456,56.73110167349666,45.19722452544014,34936600,169722783,9172841010.66101,9.17284101066101,475633000.0,475.633,373183000.0,85422000.0,127000000.0,133300000.0,4.821385927101889,43.032467,20.580744,6.4927354,18.934284,,-3.096184014832015,46.32610367635748,122.48288077127434,Technology,Software - Application,United States,5443,2025-Q1
PEGA,PEGASYSTEMS INC,2025-02-01 00:00:00-05:00,2025,1,2,39.195858001708984,52.73542555611843,54.807300044581346,37.80295930429343,42501600,169722783,6652430102.122868,6.652430102122867,475633000.0,475.633,373183000.0,85422000.0,127000000.0,133300000.0,3.496619295824127,43.032467,20.580744,6.4927354,18.934284,,0.0,-3.096184014832015,20.914403675435977,Technology,Software - Application,United States,5443,2025-Q1
PEGA,PEGASYSTEMS INC,2025-03-01 00:00:00-05:00,2025,1,3,34.70762634277344,39.16589919661434,39.859851753607344,33.464503218160395,36027600,169722783,5890674934.21962,5.89067493421962,475633000.0,475.633,373183000.0,85422000.0,127000000.0,133300000.0,3.096229095867833,43.032467,20.580744,6.4927354,18.934284,,0.0,-3.096184014832015,7.731321867831564,Technology,Software - Application,United States,5443,2025-Q1
PEGA,PEGASYSTEMS INC,2025-04-01 00:00:00-04:00,2025,2,4,45.97063446044922,34.69265016212648,46.46988113232478,29.79004799666651,48985600,169722783,7802264016.903145,7.802264016903145,384512000.0,384.512,274938000.0,30077000.0,17235000.0,31407000.0,5.07283518908587,43.032467,20.580744,6.4927354,18.934284,,-19.15783808104148,-21.66086017562089,55.15511873411392,Technology,Software - Application,United States,5443,2025-Q2
PEGA,PEGASYSTEMS INC,2025-05-01 00:00:00-04:00,2025,2,5,49.022212982177734,46.44998203225147,52.69325918712398,45.36115434401794,50662200,169722783,8320186416.1539345,8.320186416153934,384512000.0,384.512,274938000.0,30077000.0,17235000.0,31407000.0,5.409575264331109,43.032467,20.580744,6.4927354,18.934284,,0.0,-19.15783808104148,71.09823842113623,Technology,Software - Application,United States,5443,2025-Q2
PEGA,PEGASYSTEMS INC,2025-06-01 00:00:00-04:00,2025,2,6,54.07177734375,48.68757558633136,54.940840480751916,47.933386618220155,35078700,169722783,9177212532.537598,9.177212532537597,384512000.0,384.512,274938000.0,30077000.0,17235000.0,31407000.0,5.966792019844372,43.032467,20.580744,6.4927354,18.934284,,0.0,-19.15783808104148,79.15057056201562,Technology,Software - Application,United States,5443,2025-Q2
PEGA,PEGASYSTEMS INC,2025-07-01 00:00:00-04:00,2025,3,7,58.6468505859375,53.76211088159155,60.89443048503612,49.10712333188217,44122700,169722783,9953706695.630493,9.953706695630494,,,,,,,,43.032467,20.580744,6.4927354,18.934284,,0.0,-19.15783808104148,68.6963034863828,Technology,Software - Application,United States,5443,2025-Q3
PEGA,PEGASYSTEMS INC,2025-08-01 00:00:00-04:00,2025,3,8,54.18171691894531,57.9697405344348,58.84928249286007,49.29426871495454,28409300,169722783,9195871783.201584,9.195871783201584,,,,,,,,43.032467,20.580744,6.4927354,18.934284,,0.0,0.0,53.22584281747862,Technology,Software - Application,United States,5443,2025-Q3
PEGA,PEGASYSTEMS INC,2025-09-01 00:00:00-04:00,2025,3,9,57.470001220703125,52.92237579969325,60.96817520805027,52.23273334491228,28047300,169722783,9753968546.191132,9.753968546191132,,,,,,,,43.032467,20.580744,6.4927354,18.934284,,0.0,0.0,57.6108837536488,Technology,Software - Application,United States,5443,2025-Q3
PEGA,PEGASYSTEMS INC,2025-10-01 00:00:00-04:00,2025,4,10,66.2699966430664,57.369998931884766,67.19000244140625,53.290000915527344,30971525,169722783,11247528259.661888,11.247528259661888,,,,,,,,43.032467,20.580744,6.4927354,18.934284,,0.0,0.0,67.21708866991708,Technology,Software - Application,United States,5443,2025-Q4
