ticker,company_name,date,year,quarter,month,close_price,open_price,high_price,low_price,volume,shares_outstanding,market_cap,market_cap_billions,revenue,revenue_millions,gross_profit,net_income,operating_income,ebitda,ps_ratio,current_pe,forward_pe,current_ps,current_pb,peg_ratio,revenue_qoq_pct,revenue_yoy_pct,market_cap_yoy_pct,sector,industry,country,employees,year_quarter
PLTR,PALANTIR TECHN-A,2020-09-01 00:00:00-04:00,2020,3,9,9.5,10.0,11.40999984741211,9.109999656677246,338584400,2274261581,21605485019.5,21.6054850195,,,,,,,,632.9655,390.5532,126.5677,73.423996,,,,,Technology,Software - Infrastructure,United States,4164,2020-Q3
PLTR,PALANTIR TECHN-A,2020-10-01 00:00:00-04:00,2020,4,10,10.130000114440918,9.6899995803833,11.100000381469727,8.899999618530273,704629200,2274261581,23038270075.798584,23.038270075798582,,,,,,,,632.9655,390.5532,126.5677,73.423996,,,,,Technology,Software - Infrastructure,United States,4164,2020-Q4
PLTR,PALANTIR TECHN-A,2020-11-01 00:00:00-04:00,2020,4,11,27.110000610351562,10.229999542236328,33.5,10.229999542236328,1655174000,2274261581,61655232849.00911,61.65523284900911,,,,,,,,632.9655,390.5532,126.5677,73.423996,,,,,Technology,Software - Infrastructure,United States,4164,2020-Q4
PLTR,PALANTIR TECHN-A,2020-12-01 00:00:00-05:00,2020,4,12,23.549999237060547,28.09000015258789,31.239999771118164,21.149999618530273,1476607700,2274261581,53558858497.42612,53.558858497426115,,,,,,,,632.9655,390.5532,126.5677,73.423996,,,,,Technology,Software - Infrastructure,United States,4164,2020-Q4
PLTR,PALANTIR TECHN-A,2021-01-01 00:00:00-05:00,2021,1,1,35.18000030517578,23.90999984741211,45.0,22.5,1244340400,2274261581,80008523113.62955,80.00852311362955,,,,,,,,632.9655,390.5532,126.5677,73.423996,,,,,Technology,Software - Infrastructure,United States,4164,2021-Q1
PLTR,PALANTIR TECHN-A,2021-02-01 00:00:00-05:00,2021,1,2,23.899999618530273,35.33000183105469,39.220001220703125,22.700000762939453,2181517700,2274261581,54354850918.33806,54.35485091833806,,,,,,,,632.9655,390.5532,126.5677,73.423996,,,,,Technology,Software - Infrastructure,United States,4164,2021-Q1
PLTR,PALANTIR TECHN-A,2021-03-01 00:00:00-05:00,2021,1,3,23.290000915527344,25.190000534057617,27.469999313354492,20.18000030517578,1805085500,2274261581,52967554303.638664,52.967554303638664,,,,,,,,632.9655,390.5532,126.5677,73.423996,,,,,Technology,Software - Infrastructure,United States,4164,2021-Q1
PLTR,PALANTIR TECHN-A,2021-04-01 00:00:00-04:00,2021,2,4,23.040000915527344,23.950000762939453,26.200000762939453,21.239999771118164,1012475100,2274261581,52398988908.388664,52.39898890838867,,,,,,,,632.9655,390.5532,126.5677,73.423996,,,,,Technology,Software - Infrastructure,United States,4164,2021-Q2
PLTR,PALANTIR TECHN-A,2021-05-01 00:00:00-04:00,2021,2,5,22.950000762939453,23.010000228881836,24.75,17.05500030517578,1460052600,2274261581,52194305019.07388,52.19430501907388,,,,,,,,632.9655,390.5532,126.5677,73.423996,,,,,Technology,Software - Infrastructure,United States,4164,2021-Q2
PLTR,PALANTIR TECHN-A,2021-06-01 00:00:00-04:00,2021,2,6,26.360000610351562,23.190000534057617,27.5,22.360000610351562,1178021600,2274261581,59949536663.25911,59.94953666325911,,,,,,,,632.9655,390.5532,126.5677,73.423996,,,,,Technology,Software - Infrastructure,United States,4164,2021-Q2
PLTR,PALANTIR TECHN-A,2021-07-01 00:00:00-04:00,2021,3,7,21.709999084472656,26.100000381469727,26.1299991607666,20.549999237060547,579358800,2274261581,49374216841.361336,49.37421684136134,,,,,,,,632.9655,390.5532,126.5677,73.423996,,,,,Technology,Software - Infrastructure,United States,4164,2021-Q3
PLTR,PALANTIR TECHN-A,2021-08-01 00:00:00-04:00,2021,3,8,26.34000015258789,21.90999984741211,26.600000381469727,21.479999542236328,1091002700,2274261581,59904050390.56477,59.90405039056478,,,,,,,,632.9655,390.5532,126.5677,73.423996,,,,,Technology,Software - Infrastructure,United States,4164,2021-Q3
PLTR,PALANTIR TECHN-A,2021-09-01 00:00:00-04:00,2021,3,9,24.040000915527344,26.459999084472656,29.290000915527344,23.8799991607666,1178728900,2274261581,54673250489.388664,54.673250489388664,,,,,,,,632.9655,390.5532,126.5677,73.423996,,,,153.05264121607732,Technology,Software - Infrastructure,United States,4164,2021-Q3
PLTR,PALANTIR TECHN-A,2021-10-01 00:00:00-04:00,2021,4,10,25.8799991607666,24.209999084472656,26.75,23.020000457763672,750518600,2274261581,58857887807.64372,58.85788780764372,,,,,,,,632.9655,390.5532,126.5677,73.423996,,,,155.47876474229378,Technology,Software - Infrastructure,United States,4164,2021-Q4
PLTR,PALANTIR TECHN-A,2021-11-01 00:00:00-04:00,2021,4,11,20.649999618530273,26.110000610351562,27.110000610351562,20.049999237060547,885986000,2274261581,46963500780.08806,46.96350078008806,,,,,,,,632.9655,390.5532,126.5677,73.423996,,,,-23.828848566512495,Technology,Software - Infrastructure,United States,4164,2021-Q4
PLTR,PALANTIR TECHN-A,2021-12-01 00:00:00-05:00,2021,4,12,18.209999084472656,20.530000686645508,20.889999389648438,17.809999465942383,781294500,2274261581,41414301307.861336,41.41430130786134,,,,,,,,632.9655,390.5532,126.5677,73.423996,,,,-22.675160618198042,Technology,Software - Infrastructure,United States,4164,2021-Q4
PLTR,PALANTIR TECHN-A,2022-01-01 00:00:00-05:00,2022,1,1,13.710000038146973,18.360000610351562,18.84000015258789,11.75,1057405800,2274261581,31180126362.266193,31.180126362266193,,,,,,,,632.9655,390.5532,126.5677,73.423996,,,,-61.02899397607475,Technology,Software - Infrastructure,United States,4164,2022-Q1
PLTR,PALANTIR TECHN-A,2022-02-01 00:00:00-05:00,2022,1,2,11.850000381469727,14.229999542236328,14.369999885559082,9.739999771118164,1301730900,2274261581,26950000602.41194,26.95000060241194,,,,,,,,632.9655,390.5532,126.5677,73.423996,,,,-50.418407654357786,Technology,Software - Infrastructure,United States,4164,2022-Q1
PLTR,PALANTIR TECHN-A,2022-03-01 00:00:00-05:00,2022,1,3,13.729999542236328,11.989999771118164,14.359999656677246,10.270000457763672,1015571800,2274261581,31225610466.055668,31.225610466055667,,,,,,,,632.9655,390.5532,126.5677,73.423996,,,,-41.047664222792726,Technology,Software - Infrastructure,United States,4164,2022-Q1
PLTR,PALANTIR TECHN-A,2022-04-01 00:00:00-04:00,2022,2,4,10.399999618530273,13.770000457763672,14.859999656677246,10.359999656677246,645660400,2274261581,23652319574.83806,23.65231957483806,,,,,,,,632.9655,390.5532,126.5677,73.423996,,,,-54.86111456045384,Technology,Software - Infrastructure,United States,4164,2022-Q2
PLTR,PALANTIR TECHN-A,2022-05-01 00:00:00-04:00,2022,2,5,8.680000305175781,10.380000114440918,11.010000228881836,6.440000057220459,1127366900,2274261581,19740591217.129555,19.740591217129555,,,,,,,,632.9655,390.5532,126.5677,73.423996,,,,-62.17864916504674,Technology,Software - Infrastructure,United States,4164,2022-Q2
PLTR,PALANTIR TECHN-A,2022-06-01 00:00:00-04:00,2022,2,6,9.069999694824219,8.720000267028809,10.199999809265137,7.5,826595600,2274261581,20627551845.620445,20.627551845620445,,,,,,,,632.9655,390.5532,126.5677,73.423996,,,,-65.5918077207387,Technology,Software - Infrastructure,United States,4164,2022-Q2
PLTR,PALANTIR TECHN-A,2022-07-01 00:00:00-04:00,2022,3,7,10.350000381469727,9.109999656677246,10.760000228881836,8.649999618530273,711722800,2274261581,23538608230.91194,23.53860823091194,,,,,,,,632.9655,390.5532,126.5677,73.423996,,,,-52.326113229216055,Technology,Software - Infrastructure,United States,4164,2022-Q3
PLTR,PALANTIR TECHN-A,2022-08-01 00:00:00-04:00,2022,3,8,7.71999979019165,10.25,11.619999885559082,7.679999828338623,905373100,2274261581,17557298928.16093,17.557298928160932,,,,,,,,632.9655,390.5532,126.5677,73.423996,,,,-70.69096527915865,Technology,Software - Infrastructure,United States,4164,2022-Q3
PLTR,PALANTIR TECHN-A,2022-09-01 00:00:00-04:00,2022,3,9,8.130000114440918,7.610000133514404,8.5,7.130000114440918,757743600,2274261581,18489746913.798584,18.489746913798584,,,,,,,,632.9655,390.5532,126.5677,73.423996,,,,-66.1813652045671,Technology,Software - Infrastructure,United States,4164,2022-Q3
PLTR,PALANTIR TECHN-A,2022-10-01 00:00:00-04:00,2022,4,10,8.789999961853027,8.145000457763672,9.050000190734863,7.53000020980835,664673300,2274261581,19990759210.233807,19.990759210233808,,,,,,,,632.9655,390.5532,126.5677,73.423996,,,,-66.03554773224862,Technology,Software - Infrastructure,United States,4164,2022-Q4
PLTR,PALANTIR TECHN-A,2022-11-01 00:00:00-04:00,2022,4,11,7.5,8.989999771118164,9.0600004196167,6.889999866485596,813268600,2274261581,17056961857.5,17.0569618575,,,,,,,,632.9655,390.5532,126.5677,73.423996,,,,-63.68038673826475,Technology,Software - Infrastructure,United States,4164,2022-Q4
PLTR,PALANTIR TECHN-A,2022-12-01 00:00:00-05:00,2022,4,12,6.420000076293945,7.510000228881836,7.96999979019165,5.920000076293945,627320000,2274261581,14600759523.532389,14.600759523532389,,,,,,,,632.9655,390.5532,126.5677,73.423996,,,,-64.74464360754327,Technology,Software - Infrastructure,United States,4164,2022-Q4
PLTR,PALANTIR TECHN-A,2023-01-01 00:00:00-05:00,2023,1,1,7.78000020980835,6.579999923706055,7.820000171661377,6.090000152587891,606538900,2274261581,17693755577.33907,17.69375557733907,,,,,,,,632.9655,390.5532,126.5677,73.423996,,,,-43.25309855462345,Technology,Software - Infrastructure,United States,4164,2023-Q1
PLTR,PALANTIR TECHN-A,2023-02-01 00:00:00-05:00,2023,1,2,7.840000152587891,7.730000019073486,10.3100004196167,7.449999809265137,1277113800,2274261581,17830211142.064777,17.830211142064776,,,,,,,,632.9655,390.5532,126.5677,73.423996,,,,-33.83966328939886,Technology,Software - Infrastructure,United States,4164,2023-Q1
PLTR,PALANTIR TECHN-A,2023-03-01 00:00:00-05:00,2023,1,3,8.449999809265137,7.829999923706055,8.619999885559082,7.190000057220459,663922700,2274261581,19217509925.66903,19.21750992566903,,,,,,,,632.9655,390.5532,126.5677,73.423996,,,,-38.45593524405311,Technology,Software - Infrastructure,United States,4164,2023-Q1
PLTR,PALANTIR TECHN-A,2023-04-01 00:00:00-04:00,2023,2,4,7.75,8.369999885559082,9.039999961853027,7.619999885559082,502721600,2274261581,17625527252.75,17.62552725275,,,,,,,,632.9655,390.5532,126.5677,73.423996,,,,-25.48076649742004,Technology,Software - Infrastructure,United States,4164,2023-Q2
PLTR,PALANTIR TECHN-A,2023-05-01 00:00:00-04:00,2023,2,5,14.710000038146973,7.75,15.005000114440918,7.28000020980835,2091732800,2274261581,33454387943.266193,33.45438794326619,,,,,,,,632.9655,390.5532,126.5677,73.423996,,,,69.47004056411812,Technology,Software - Infrastructure,United States,4164,2023-Q2
PLTR,PALANTIR TECHN-A,2023-06-01 00:00:00-04:00,2023,2,6,15.329999923706055,14.460000038146973,17.15999984741211,13.5600004196167,1899321700,2274261581,34864429863.21761,34.864429863217616,,,,,,,,632.9655,390.5532,126.5677,73.423996,,,,69.01874795491003,Technology,Software - Infrastructure,United States,4164,2023-Q2
PLTR,PALANTIR TECHN-A,2023-07-01 00:00:00-04:00,2023,3,7,19.84000015258789,15.489999771118164,19.9950008392334,14.619999885559082,1222967600,2274261581,45121350114.06477,45.121350114064775,,,,,,,,632.9655,390.5532,126.5677,73.423996,,,,91.69081566517352,Technology,Software - Infrastructure,United States,4164,2023-Q3
PLTR,PALANTIR TECHN-A,2023-08-01 00:00:00-04:00,2023,3,8,14.979999542236328,19.459999084472656,20.239999771118164,13.680000305175781,1698646700,2274261581,34068437442.305668,34.068437442305665,,,,,,,,632.9655,390.5532,126.5677,73.423996,,,,94.04145012113332,Technology,Software - Infrastructure,United States,4164,2023-Q3
PLTR,PALANTIR TECHN-A,2023-09-01 00:00:00-04:00,2023,3,9,16.0,15.15999984741211,16.809999465942383,13.680000305175781,945499200,2274261581,36388185296.0,36.388185296,,,,,,,,632.9655,390.5532,126.5677,73.423996,,,,96.8019652494222,Technology,Software - Infrastructure,United States,4164,2023-Q3
PLTR,PALANTIR TECHN-A,2023-10-01 00:00:00-04:00,2023,4,10,14.800000190734863,16.030000686645508,18.440000534057617,14.550000190734863,1207993700,2274261581,33659071832.58097,33.65907183258097,,,,,,,,632.9655,390.5532,126.5677,73.423996,,,,68.37315420892062,Technology,Software - Infrastructure,United States,4164,2023-Q4
PLTR,PALANTIR TECHN-A,2023-11-01 00:00:00-04:00,2023,4,11,20.049999237060547,14.800000190734863,21.850000381469727,14.479999542236328,1547018300,2274261581,45598942963.92612,45.59894296392612,,,,,,,,632.9655,390.5532,126.5677,73.423996,,,,167.3333231608073,Technology,Software - Infrastructure,United States,4164,2023-Q4
PLTR,PALANTIR TECHN-A,2023-12-01 00:00:00-05:00,2023,4,12,17.170000076293945,19.93000030517578,20.290000915527344,17.049999237060547,1110800400,2274261581,39049071519.28239,39.049071519282386,,,,,,,,632.9655,390.5532,126.5677,73.423996,,,,167.44548087615635,Technology,Software - Infrastructure,United States,4164,2023-Q4
PLTR,PALANTIR TECHN-A,2024-01-01 00:00:00-05:00,2024,1,1,16.09000015258789,16.950000762939453,18.350000381469727,15.663999557495117,880434500,2274261581,36592869185.31477,36.592869185314775,,,,,,,,632.9655,390.5532,126.5677,73.423996,,,,106.81233571565988,Technology,Software - Infrastructure,United States,4164,2024-Q1
PLTR,PALANTIR TECHN-A,2024-02-01 00:00:00-05:00,2024,1,2,25.079999923706055,16.209999084472656,25.524999618530273,16.030000686645508,2234544000,2274261581,57038480277.96761,57.038480277967615,,,,,,,,632.9655,390.5532,126.5677,73.423996,,,,219.89795198444537,Technology,Software - Infrastructure,United States,4164,2024-Q1
PLTR,PALANTIR TECHN-A,2024-03-01 00:00:00-05:00,2024,1,3,23.010000228881836,25.299999237060547,27.5,22.920000076293945,1265831000,2274261581,52330759499.34717,52.33075949934717,,,,,,,,632.9655,390.5532,126.5677,73.423996,,,,172.30770116292967,Technology,Software - Infrastructure,United States,4164,2024-Q1
PLTR,PALANTIR TECHN-A,2024-04-01 00:00:00-04:00,2024,2,4,21.969999313354492,22.979999542236328,24.100000381469727,20.329999923706055,758276000,2274261581,49965525372.9585,49.9655253729585,678134000.0,678.134,549572000.0,134126000.0,105339000.0,113395000.0,18.420225712380777,632.9655,390.5532,126.5677,73.423996,,,,183.48386210779992,Technology,Software - Infrastructure,United States,4164,2024-Q2
PLTR,PALANTIR TECHN-A,2024-05-01 00:00:00-04:00,2024,2,5,21.68000030517578,21.93000030517578,25.354999542236328,20.5,1122061900,2274261581,49305991770.129555,49.30599177012955,678134000.0,678.134,549572000.0,134126000.0,105339000.0,113395000.0,18.17708291065245,632.9655,390.5532,126.5677,73.423996,,0.0,,47.38273452721775,Technology,Software - Infrastructure,United States,4164,2024-Q2
PLTR,PALANTIR TECHN-A,2024-06-01 00:00:00-04:00,2024,2,6,25.329999923706055,21.700000762939453,26.56999969482422,21.0049991607666,777321500,2274261581,57607045673.21761,57.60704567321761,678134000.0,678.134,549572000.0,134126000.0,105339000.0,113395000.0,21.23733866507859,632.9655,390.5532,126.5677,73.423996,,0.0,,65.23157240552995,Technology,Software - Infrastructure,United States,4164,2024-Q2
PLTR,PALANTIR TECHN-A,2024-07-01 00:00:00-04:00,2024,3,7,26.889999389648438,25.479999542236328,29.829999923706055,25.142000198364258,936510300,2274261581,61154892524.99089,61.15489252499089,725516000.0,725.516,578877000.0,143525000.0,113140000.0,121227000.0,21.07289588547699,632.9655,390.5532,126.5677,73.423996,,6.9871146410591445,,35.53427007479615,Technology,Software - Infrastructure,United States,4164,2024-Q3
PLTR,PALANTIR TECHN-A,2024-08-01 00:00:00-04:00,2024,3,8,31.479999542236328,27.020000457763672,33.125,21.229999542236328,1203111000,2274261581,71593753528.80566,71.59375352880566,725516000.0,725.516,578877000.0,143525000.0,113140000.0,121227000.0,24.66994302289876,632.9655,390.5532,126.5677,73.423996,,0.0,6.9871146410591445,110.14686584921454,Technology,Software - Infrastructure,United States,4164,2024-Q3
PLTR,PALANTIR TECHN-A,2024-09-01 00:00:00-04:00,2024,3,9,37.20000076293945,31.350000381469727,38.189998626708984,29.309999465942383,1602639400,2274261581,84602532548.32388,84.60253254832388,725516000.0,725.516,578877000.0,143525000.0,113140000.0,121227000.0,29.152538520282075,632.9655,390.5532,126.5677,73.423996,,0.0,6.9871146410591445,132.50000476837158,Technology,Software - Infrastructure,United States,4164,2024-Q3
PLTR,PALANTIR TECHN-A,2024-10-01 00:00:00-04:00,2024,4,10,41.560001373291016,37.209999084472656,45.13999938964844,36.04999923706055,1069695200,2274261581,94518314429.583,94.51831442958299,827519000.0,827.519,652986000.0,79009000.0,11043000.0,18049000.0,28.554726365673474,632.9655,390.5532,126.5677,73.423996,,14.059372915276857,22.0288320597404,180.81081647085736,Technology,Software - Infrastructure,United States,4164,2024-Q4
PLTR,PALANTIR TECHN-A,2024-11-01 00:00:00-04:00,2024,4,11,67.08000183105469,41.93000030517578,67.87999725341797,41.03200149536133,1707209700,2274261581,152557471017.77734,152.55747101777735,827519000.0,827.519,652986000.0,79009000.0,11043000.0,18049000.0,46.08881216557485,632.9655,390.5532,126.5677,73.423996,,0.0,14.059372915276857,234.5636128856483,Technology,Software - Infrastructure,United States,4164,2024-Q4
PLTR,PALANTIR TECHN-A,2024-12-01 00:00:00-05:00,2024,4,12,75.62999725341797,67.44000244140625,84.7969970703125,65.95999908447266,1986227500,2274261581,172002397124.584,172.002397124584,827519000.0,827.519,652986000.0,79009000.0,11043000.0,18049000.0,51.963277315863444,632.9655,390.5532,126.5677,73.423996,,0.0,14.059372915276857,340.47755921584314,Technology,Software - Infrastructure,United States,4164,2024-Q4
PLTR,PALANTIR TECHN-A,2025-01-01 00:00:00-05:00,2025,1,1,82.48999786376953,76.19999694824219,85.22000122070312,63.400001525878906,1374072700,2274261581,187603832958.3431,187.6038329583431,883855000.0,883.855,710885000.0,214031000.0,176048000.0,182670000.0,53.06408657481801,632.9655,390.5532,126.5677,73.423996,,6.807819518343394,21.82432916710313,412.67866427274066,Technology,Software - Infrastructure,United States,4164,2025-Q1
PLTR,PALANTIR TECHN-A,2025-02-01 00:00:00-05:00,2025,1,2,84.91999816894531,80.125,125.41000366210938,78.47000122070312,2356232800,2274261581,193130289294.22266,193.13028929422265,883855000.0,883.855,710885000.0,214031000.0,176048000.0,182670000.0,54.627254836546335,632.9655,390.5532,126.5677,73.423996,,0.0,6.807819518343394,238.59648495723255,Technology,Software - Infrastructure,United States,4164,2025-Q1
PLTR,PALANTIR TECHN-A,2025-03-01 00:00:00-05:00,2025,1,3,84.4000015258789,88.55000305175781,98.16999816894531,74.56999969482422,2206072600,2274261581,191947680906.64777,191.94768090664778,883855000.0,883.855,710885000.0,214031000.0,176048000.0,182670000.0,54.2927518955733,632.9655,390.5532,126.5677,73.423996,,0.0,6.807819518343394,266.7970477459673,Technology,Software - Infrastructure,United States,4164,2025-Q1
PLTR,PALANTIR TECHN-A,2025-04-01 00:00:00-04:00,2025,2,4,118.44000244140625,83.88999938964844,118.77999877929688,66.12000274658203,2370585800,2274261581,269363547206.03644,269.36354720603646,1003697000.0,1003.697,810763000.0,326727000.0,269317000.0,275847000.0,67.09284455518858,632.9655,390.5532,126.5677,73.423996,,13.5590113763004,21.289903917613984,439.0987990127625,Technology,Software - Infrastructure,United States,4164,2025-Q2
PLTR,PALANTIR TECHN-A,2025-05-01 00:00:00-04:00,2025,2,5,131.77999877929688,120.04000091552734,133.49000549316406,105.31999969482422,2054836700,2274261581,299702188367.9818,299.7021883679818,1003697000.0,1003.697,810763000.0,326727000.0,269317000.0,275847000.0,74.64956764042878,632.9655,390.5532,126.5677,73.423996,,0.0,13.5590113763004,507.8413142265332,Technology,Software - Infrastructure,United States,4164,2025-Q2
PLTR,PALANTIR TECHN-A,2025-06-01 00:00:00-04:00,2025,2,6,136.32000732421875,131.43499755859375,148.21499633789062,118.93000030517578,1747722800,2274261581,310027355379.1093,310.02735537910934,1003697000.0,1003.697,810763000.0,326727000.0,269317000.0,275847000.0,77.22135150825132,632.9655,390.5532,126.5677,73.423996,,0.0,13.5590113763004,438.1761063356278,Technology,Software - Infrastructure,United States,4164,2025-Q2
PLTR,PALANTIR TECHN-A,2025-07-01 00:00:00-04:00,2025,3,7,158.35000610351562,135.27000427246094,160.88999938964844,128.50999450683594,1246052200,2274261581,360129335232.34106,360.1293352323411,,,,,,,,632.9655,390.5532,126.5677,73.423996,,0.0,13.5590113763004,488.8806608321232,Technology,Software - Infrastructure,United States,4164,2025-Q3
PLTR,PALANTIR TECHN-A,2025-08-01 00:00:00-04:00,2025,3,8,156.7100067138672,155.0500030517578,190.0,142.33999633789062,1747609500,2274261581,356399547627.6002,356.3995476276002,,,,,,,,632.9655,390.5532,126.5677,73.423996,,0.0,0.0,397.80816071363444,Technology,Software - Infrastructure,United States,4164,2025-Q3
PLTR,PALANTIR TECHN-A,2025-09-01 00:00:00-04:00,2025,3,9,182.4199981689453,151.1999969482422,185.75,148.0399932861328,1215745900,2274261581,414870793441.72266,414.87079344172264,,,,,,,,632.9655,390.5532,126.5677,73.423996,,0.0,0.0,390.37632910664206,Technology,Software - Infrastructure,United States,4164,2025-Q3
PLTR,PALANTIR TECHN-A,2025-10-01 00:00:00-04:00,2025,4,10,183.55999755859375,181.32000732421875,188.1999969482422,170.77000427246094,373402505,2274261581,417463450255.96356,417.46345025596355,,,,,,,,632.9655,390.5532,126.5677,73.423996,,0.0,0.0,341.67466673030617,Technology,Software - Infrastructure,United States,4164,2025-Q4
