ticker,company_name,date,year,quarter,month,close_price,open_price,high_price,low_price,volume,shares_outstanding,market_cap,market_cap_billions,revenue,revenue_millions,gross_profit,net_income,operating_income,ebitda,ps_ratio,current_pe,forward_pe,current_ps,current_pb,peg_ratio,revenue_qoq_pct,revenue_yoy_pct,market_cap_yoy_pct,sector,industry,country,employees,year_quarter
PRO,PROS HOLDINGS INC,2015-01-01 00:00:00-05:00,2015,1,1,24.290000915527344,27.610000610351562,27.90999984741211,24.079999923706055,3549900,48253392,1172074935.8572998,1.1720749358572997,,,,,,,,,45.17647,3.2440393,-13.024307,,,,,Technology,Software - Application,United States,1501,2015-Q1
PRO,PROS HOLDINGS INC,2015-02-01 00:00:00-05:00,2015,1,2,24.469999313354492,24.190000534057617,25.3700008392334,21.200000762939453,6591800,48253392,1180760469.1070251,1.1807604691070253,,,,,,,,,45.17647,3.2440393,-13.024307,,,,,Technology,Software - Application,United States,1501,2015-Q1
PRO,PROS HOLDINGS INC,2015-03-01 00:00:00-05:00,2015,1,3,24.709999084472656,24.530000686645508,25.670000076293945,22.579999923706055,4020200,48253392,1192341272.1427002,1.1923412721427002,,,,,,,,,45.17647,3.2440393,-13.024307,,,,,Technology,Software - Application,United States,1501,2015-Q1
PRO,PROS HOLDINGS INC,2015-04-01 00:00:00-04:00,2015,2,4,22.229999542236328,24.459999084472656,27.229999542236328,20.8700008392334,5812400,48253392,1072672882.0713501,1.07267288207135,,,,,,,,,45.17647,3.2440393,-13.024307,,,,,Technology,Software - Application,United States,1501,2015-Q2
PRO,PROS HOLDINGS INC,2015-05-01 00:00:00-04:00,2015,2,5,19.25,22.280000686645508,22.420000076293945,15.920000076293945,7397100,48253392,928877796.0,0.928877796,,,,,,,,,45.17647,3.2440393,-13.024307,,,,,Technology,Software - Application,United States,1501,2015-Q2
PRO,PROS HOLDINGS INC,2015-06-01 00:00:00-04:00,2015,2,6,21.110000610351562,19.280000686645508,22.270000457763672,18.729999542236328,6609100,48253392,1018629134.5715332,1.0186291345715333,,,,,,,,,45.17647,3.2440393,-13.024307,,,,,Technology,Software - Application,United States,1501,2015-Q2
PRO,PROS HOLDINGS INC,2015-07-01 00:00:00-04:00,2015,3,7,21.8700008392334,21.31999969482422,21.920000076293945,20.100000381469727,4434400,48253392,1055301723.5358582,1.0553017235358582,,,,,,,,,45.17647,3.2440393,-13.024307,,,,,Technology,Software - Application,United States,1501,2015-Q3
PRO,PROS HOLDINGS INC,2015-08-01 00:00:00-04:00,2015,3,8,22.1200008392334,21.899999618530273,22.950000762939453,18.799999237060547,5097700,48253392,1067365071.5358582,1.0673650715358582,,,,,,,,,45.17647,3.2440393,-13.024307,,,,,Technology,Software - Application,United States,1501,2015-Q3
PRO,PROS HOLDINGS INC,2015-09-01 00:00:00-04:00,2015,3,9,22.139999389648438,21.709999084472656,24.940000534057617,21.420000076293945,5440600,48253392,1068330069.4284668,1.0683300694284668,,,,,,,,,45.17647,3.2440393,-13.024307,,,,,Technology,Software - Application,United States,1501,2015-Q3
PRO,PROS HOLDINGS INC,2015-10-01 00:00:00-04:00,2015,4,10,24.020000457763672,22.010000228881836,25.0,21.56999969482422,3925400,48253392,1159046497.92865,1.1590464979286499,,,,,,,,,45.17647,3.2440393,-13.024307,,,,,Technology,Software - Application,United States,1501,2015-Q4
PRO,PROS HOLDINGS INC,2015-11-01 00:00:00-04:00,2015,4,11,24.59000015258789,24.0,25.420000076293945,20.139999389648438,4925500,48253392,1186550916.6428833,1.1865509166428834,,,,,,,,,45.17647,3.2440393,-13.024307,,,,,Technology,Software - Application,United States,1501,2015-Q4
PRO,PROS HOLDINGS INC,2015-12-01 00:00:00-05:00,2015,4,12,23.040000915527344,24.59000015258789,25.260000228881836,21.510000228881836,3636100,48253392,1111758195.8572998,1.1117581958572997,,,,,,,,,45.17647,3.2440393,-13.024307,,,,,Technology,Software - Application,United States,1501,2015-Q4
PRO,PROS HOLDINGS INC,2016-01-01 00:00:00-05:00,2016,1,1,12.279999732971191,22.540000915527344,22.639999389648438,11.640000343322754,7247800,48253392,592551640.8749542,0.5925516408749543,,,,,,,,,45.17647,3.2440393,-13.024307,,,,-49.44421873149778,Technology,Software - Application,United States,1501,2016-Q1
PRO,PROS HOLDINGS INC,2016-02-01 00:00:00-05:00,2016,1,2,10.989999771118164,12.0600004196167,12.829999923706055,9.010000228881836,7772700,48253392,530304767.03567505,0.5303047670356751,,,,,,,,,45.17647,3.2440393,-13.024307,,,,-55.087862364097504,Technology,Software - Application,United States,1501,2016-Q1
PRO,PROS HOLDINGS INC,2016-03-01 00:00:00-05:00,2016,1,3,11.789999961853027,11.0,12.829999923706055,10.640000343322754,5266200,48253392,568907489.8392792,0.5689074898392792,,,,,,,,,45.17647,3.2440393,-13.024307,,,,-52.286522061177806,Technology,Software - Application,United States,1501,2016-Q1
PRO,PROS HOLDINGS INC,2016-04-01 00:00:00-04:00,2016,2,4,11.760000228881836,11.670000076293945,11.9399995803833,10.609999656677246,3206000,48253392,567459900.964325,0.567459900964325,,,,,,,,,45.17647,3.2440393,-13.024307,,,,-47.09851340060448,Technology,Software - Application,United States,1501,2016-Q2
PRO,PROS HOLDINGS INC,2016-05-01 00:00:00-04:00,2016,2,5,13.989999771118164,11.869999885559082,14.3100004196167,10.899999618530273,4206200,48253392,675064943.035675,0.6750649430356751,,,,,,,,,45.17647,3.2440393,-13.024307,,,,-27.324676513671875,Technology,Software - Application,United States,1501,2016-Q2
PRO,PROS HOLDINGS INC,2016-06-01 00:00:00-04:00,2016,2,6,17.43000030517578,13.979999542236328,17.549999237060547,13.920000076293945,5324800,48253392,841056637.2857666,0.8410566372857666,,,,,,,,,45.17647,3.2440393,-13.024307,,,,-17.432497388802748,Technology,Software - Application,United States,1501,2016-Q2
PRO,PROS HOLDINGS INC,2016-07-01 00:00:00-04:00,2016,3,7,18.579999923706055,17.3799991607666,18.719999313354492,16.760000228881836,4026700,48253392,896548019.6785583,0.8965480196785583,,,,,,,,,45.17647,3.2440393,-13.024307,,,,-15.043442109180393,Technology,Software - Application,United States,1501,2016-Q3
PRO,PROS HOLDINGS INC,2016-08-01 00:00:00-04:00,2016,3,8,19.68000030517578,18.829999923706055,19.850000381469727,16.25,3756200,48253392,949626769.2857666,0.9496267692857666,,,,,,,,,45.17647,3.2440393,-13.024307,,,,-11.030743406346899,Technology,Software - Application,United States,1501,2016-Q3
PRO,PROS HOLDINGS INC,2016-09-01 00:00:00-04:00,2016,3,9,22.610000610351562,19.6299991607666,22.93000030517578,19.3799991607666,3089400,48253392,1091009222.5715332,1.091009222571533,,,,,,,,,45.17647,3.2440393,-13.024307,,,,2.1228601339658315,Technology,Software - Application,United States,1501,2016-Q3
PRO,PROS HOLDINGS INC,2016-10-01 00:00:00-04:00,2016,4,10,21.920000076293945,22.530000686645508,22.8799991607666,20.559999465942383,3382800,48253392,1057714356.3214417,1.0577143563214417,,,,,,,,,45.17647,3.2440393,-13.024307,,,,-8.742715826181302,Technology,Software - Application,United States,1501,2016-Q4
PRO,PROS HOLDINGS INC,2016-11-01 00:00:00-04:00,2016,4,11,23.889999389648438,21.959999084472656,25.65999984741211,21.700000762939453,5082900,48253392,1152773505.4284668,1.152773505428467,,,,,,,,,45.17647,3.2440393,-13.024307,,,,-2.8466887295475862,Technology,Software - Application,United States,1501,2016-Q4
PRO,PROS HOLDINGS INC,2016-12-01 00:00:00-05:00,2016,4,12,21.520000457763672,23.989999771118164,24.360000610351562,20.989999771118164,3697000,48253392,1038413017.9286499,1.03841301792865,,,,,,,,,45.17647,3.2440393,-13.024307,,,,-6.597223946893593,Technology,Software - Application,United States,1501,2016-Q4
PRO,PROS HOLDINGS INC,2017-01-01 00:00:00-05:00,2017,1,1,22.3799991607666,21.65999984741211,22.420000076293945,20.34000015258789,2474600,48253392,1079910872.4641418,1.0799108724641417,,,,,,,,,45.17647,3.2440393,-13.024307,,,,82.24755413208528,Technology,Software - Application,United States,1501,2017-Q1
PRO,PROS HOLDINGS INC,2017-02-01 00:00:00-05:00,2017,1,2,23.229999542236328,22.59000015258789,24.530000686645508,21.100000381469727,2673900,48253392,1120926274.07135,1.1209262740713501,,,,,,,,,45.17647,3.2440393,-13.024307,,,,111.37397657900787,Technology,Software - Application,United States,1501,2017-Q1
PRO,PROS HOLDINGS INC,2017-03-01 00:00:00-05:00,2017,1,3,24.190000534057617,23.6200008392334,24.440000534057617,21.700000762939453,3536600,48253392,1167249578.2500916,1.1672495782500916,,,,,,,,,45.17647,3.2440393,-13.024307,,,,105.17388135984089,Technology,Software - Application,United States,1501,2017-Q1
PRO,PROS HOLDINGS INC,2017-04-01 00:00:00-04:00,2017,2,4,24.649999618530273,24.1200008392334,24.84000015258789,22.3799991607666,2210300,48253392,1189446094.3927917,1.1894460943927918,,,,,,,,,45.17647,3.2440393,-13.024307,,,,109.60883621406224,Technology,Software - Application,United States,1501,2017-Q2
PRO,PROS HOLDINGS INC,2017-05-01 00:00:00-04:00,2017,2,5,29.8700008392334,24.649999618530273,30.489999771118164,23.6299991607666,5318700,48253392,1441328859.5358582,1.4413288595358582,,,,,,,,,45.17647,3.2440393,-13.024307,,,,113.50965924173141,Technology,Software - Application,United States,1501,2017-Q2
PRO,PROS HOLDINGS INC,2017-06-01 00:00:00-04:00,2017,2,6,27.389999389648438,29.850000381469727,29.860000610351562,25.920000076293945,5574200,48253392,1321660377.4284668,1.3216603774284668,,,,,,,,,45.17647,3.2440393,-13.024307,,,,57.142850889767715,Technology,Software - Application,United States,1501,2017-Q2
PRO,PROS HOLDINGS INC,2017-07-01 00:00:00-04:00,2017,3,7,28.829999923706055,27.59000015258789,29.690000534057617,26.969999313354492,4071100,48253392,1391145287.6785583,1.3911452876785584,,,,,,,,,45.17647,3.2440393,-13.024307,,,,55.16684629757247,Technology,Software - Application,United States,1501,2017-Q3
PRO,PROS HOLDINGS INC,2017-08-01 00:00:00-04:00,2017,3,8,26.34000015258789,28.84000015258789,29.979999542236328,24.489999771118164,6693600,48253392,1270994352.6428833,1.2709943526428833,,,,,,,,,45.17647,3.2440393,-13.024307,,,,33.84146211451302,Technology,Software - Application,United States,1501,2017-Q3
PRO,PROS HOLDINGS INC,2017-09-01 00:00:00-04:00,2017,3,9,24.1299991607666,26.290000915527344,26.34000015258789,22.90999984741211,4527600,48253392,1164354308.4641418,1.164354308464142,,,,,,,,,45.17647,3.2440393,-13.024307,,,,6.722682482897135,Technology,Software - Application,United States,1501,2017-Q3
PRO,PROS HOLDINGS INC,2017-10-01 00:00:00-04:00,2017,4,10,22.59000015258789,24.200000762939453,25.809999465942383,21.360000610351562,4855700,48253392,1090044132.6428833,1.0900441326428834,,,,,,,,,45.17647,3.2440393,-13.024307,,,,3.056569680483423,Technology,Software - Application,United States,1501,2017-Q4
PRO,PROS HOLDINGS INC,2017-11-01 00:00:00-04:00,2017,4,11,25.09000015258789,22.799999237060547,27.040000915527344,22.520000457763672,3457100,48253392,1210677612.6428833,1.2106776126428833,,,,,,,,,45.17647,3.2440393,-13.024307,,,,5.0230255068964835,Technology,Software - Application,United States,1501,2017-Q4
PRO,PROS HOLDINGS INC,2017-12-01 00:00:00-05:00,2017,4,12,26.450000762939453,25.010000228881836,29.049999237060547,23.670000076293945,5177400,48253392,1276302255.2144165,1.2763022552144165,,,,,,,,,45.17647,3.2440393,-13.024307,,,,22.908922863880377,Technology,Software - Application,United States,1501,2017-Q4
PRO,PROS HOLDINGS INC,2018-01-01 00:00:00-05:00,2018,1,1,29.040000915527344,26.450000762939453,29.780000686645508,26.229999542236328,3282800,48253392,1401278547.8572998,1.4012785478572998,,,,,,,,,45.17647,3.2440393,-13.024307,,,,29.758722093413216,Technology,Software - Application,United States,1501,2018-Q1
PRO,PROS HOLDINGS INC,2018-02-01 00:00:00-05:00,2018,1,2,31.350000381469727,28.920000076293945,33.20000076293945,26.350000381469727,6590700,48253392,1512743857.6072083,1.5127438576072083,,,,,,,,,45.17647,3.2440393,-13.024307,,,,34.954804129331876,Technology,Software - Application,United States,1501,2018-Q1
PRO,PROS HOLDINGS INC,2018-03-01 00:00:00-05:00,2018,1,3,33.0099983215332,31.34000015258789,34.90999984741211,30.6200008392334,4396100,48253392,1592844388.9282837,1.5928443889282837,,,,,,,,,45.17647,3.2440393,-13.024307,,,,36.461337712902164,Technology,Software - Application,United States,1501,2018-Q1
PRO,PROS HOLDINGS INC,2018-04-01 00:00:00-04:00,2018,2,4,29.520000457763672,33.029998779296875,34.130001068115234,29.190000534057617,4206600,48253392,1424440153.92865,1.42444015392865,,,,,,,,,45.17647,3.2440393,-13.024307,,,,19.75659600242934,Technology,Software - Application,United States,1501,2018-Q2
PRO,PROS HOLDINGS INC,2018-05-01 00:00:00-04:00,2018,2,5,35.34000015258789,29.420000076293945,36.83000183105469,28.920000076293945,5736200,48253392,1705274880.6428833,1.7052748806428832,,,,,,,,,45.17647,3.2440393,-13.024307,,,,18.312685502739612,Technology,Software - Application,United States,1501,2018-Q2
PRO,PROS HOLDINGS INC,2018-06-01 00:00:00-04:00,2018,2,6,36.56999969482422,35.619998931884766,38.36000061035156,34.720001220703125,5244400,48253392,1764626530.7142334,1.7646265307142335,,,,,,,,,45.17647,3.2440393,-13.024307,,,,33.51588356969879,Technology,Software - Application,United States,1501,2018-Q2
PRO,PROS HOLDINGS INC,2018-07-01 00:00:00-04:00,2018,3,7,37.13999938964844,37.08000183105469,41.099998474121094,36.400001525878906,3608400,48253392,1792130949.4284668,1.7921309494284667,,,,,,,,,45.17647,3.2440393,-13.024307,,,,28.824139743092104,Technology,Software - Application,United States,1501,2018-Q3
PRO,PROS HOLDINGS INC,2018-08-01 00:00:00-04:00,2018,3,8,36.880001068115234,37.0,40.5,33.150001525878906,8525800,48253392,1779585148.500183,1.779585148500183,,,,,,,,,45.17647,3.2440393,-13.024307,,,,40.01518927285122,Technology,Software - Application,United States,1501,2018-Q3
PRO,PROS HOLDINGS INC,2018-09-01 00:00:00-04:00,2018,3,9,35.02000045776367,36.56999969482422,40.150001525878906,34.54999923706055,4158200,48253392,1689833809.92865,1.6898338099286498,,,,,,,,,45.17647,3.2440393,-13.024307,,,,45.13054983732996,Technology,Software - Application,United States,1501,2018-Q3
PRO,PROS HOLDINGS INC,2018-10-01 00:00:00-04:00,2018,4,10,32.91999816894531,35.150001525878906,35.560001373291016,30.56999969482422,6370500,48253392,1588501576.2854004,1.5885015762854005,,,,,,,,,45.17647,3.2440393,-13.024307,,,,45.728189227896166,Technology,Software - Application,United States,1501,2018-Q4
PRO,PROS HOLDINGS INC,2018-11-01 00:00:00-04:00,2018,4,11,32.16999816894531,32.959999084472656,34.099998474121094,28.18000030517578,3994000,48253392,1552311532.2854004,1.5523115322854004,,,,,,,,,45.17647,3.2440393,-13.024307,,,,28.21840563291971,Technology,Software - Application,United States,1501,2018-Q4
PRO,PROS HOLDINGS INC,2018-12-01 00:00:00-05:00,2018,4,12,31.399999618530273,32.650001525878906,33.2400016784668,28.670000076293945,4639800,48253392,1515156490.3927917,1.5151564903927917,,,,,,,,,45.17647,3.2440393,-13.024307,,,,18.71455089909311,Technology,Software - Application,United States,1501,2018-Q4
PRO,PROS HOLDINGS INC,2019-01-01 00:00:00-05:00,2019,1,1,34.599998474121094,30.899999618530273,34.9900016784668,29.360000610351562,3993000,48253392,1669567289.571167,1.669567289571167,,,,,,,,,45.17647,3.2440393,-13.024307,,,,19.14599649899076,Technology,Software - Application,United States,1501,2019-Q1
PRO,PROS HOLDINGS INC,2019-02-01 00:00:00-05:00,2019,1,2,42.599998474121094,34.54999923706055,42.689998626708984,34.349998474121094,6720100,48253392,2055594425.571167,2.055594425571167,,,,,,,,,45.17647,3.2440393,-13.024307,,,,35.885160943414164,Technology,Software - Application,United States,1501,2019-Q1
PRO,PROS HOLDINGS INC,2019-03-01 00:00:00-05:00,2019,1,3,42.2400016784668,43.439998626708984,44.33000183105469,40.34000015258789,4434000,48253392,2038223359.0717163,2.0382233590717163,,,,,,,,,45.17647,3.2440393,-13.024307,,,,27.961235462749624,Technology,Software - Application,United States,1501,2019-Q1
PRO,PROS HOLDINGS INC,2019-04-01 00:00:00-04:00,2019,2,4,51.2400016784668,41.970001220703125,53.349998474121094,41.54999923706055,7770800,48253392,2472503887.0717163,2.472503887071716,,,,,,,,,45.17647,3.2440393,-13.024307,,,,73.57723876657607,Technology,Software - Application,United States,1501,2019-Q2
PRO,PROS HOLDINGS INC,2019-05-01 00:00:00-04:00,2019,2,5,56.70000076293945,51.09000015258789,57.41999816894531,49.540000915527344,10711000,48253392,2735967363.2144165,2.7359673632144164,,,,,,,,,45.17647,3.2440393,-13.024307,,,,60.44142761212581,Technology,Software - Application,United States,1501,2019-Q2
PRO,PROS HOLDINGS INC,2019-06-01 00:00:00-04:00,2019,2,6,63.2599983215332,56.66999816894531,66.30999755859375,54.68000030517578,14821600,48253392,3052509496.9282837,3.0525094969282835,,,,,,,,,45.17647,3.2440393,-13.024307,,,,72.98331651472898,Technology,Software - Application,United States,1501,2019-Q2
PRO,PROS HOLDINGS INC,2019-07-01 00:00:00-04:00,2019,3,7,72.36000061035156,63.95000076293945,74.7300033569336,62.36000061035156,8118900,48253392,3491615474.571533,3.491615474571533,,,,,,,,,45.17647,3.2440393,-13.024307,,,,94.83037641222889,Technology,Software - Application,United States,1501,2019-Q3
PRO,PROS HOLDINGS INC,2019-08-01 00:00:00-04:00,2019,3,8,71.0199966430664,72.26000213623047,75.4000015258789,66.83000183105469,10083300,48253392,3426955737.8565674,3.4269557378565674,,,,,,,,,45.17647,3.2440393,-13.024307,,,,92.57048423587779,Technology,Software - Application,United States,1501,2019-Q3
PRO,PROS HOLDINGS INC,2019-09-01 00:00:00-04:00,2019,3,9,59.599998474121094,70.5999984741211,71.18000030517578,57.119998931884766,8976300,48253392,2875902089.571167,2.875902089571167,,,,,,,,,45.17647,3.2440393,-13.024307,,,,70.18845715322719,Technology,Software - Application,United States,1501,2019-Q3
PRO,PROS HOLDINGS INC,2019-10-01 00:00:00-04:00,2019,4,10,51.2400016784668,59.880001068115234,61.68000030517578,45.47999954223633,9484200,48253392,2472503887.0717163,2.472503887071716,,,,,,,,,45.17647,3.2440393,-13.024307,,,,55.65007450943129,Technology,Software - Application,United States,1501,2019-Q4
PRO,PROS HOLDINGS INC,2019-11-01 00:00:00-04:00,2019,4,11,62.290000915527344,51.5,63.2400016784668,49.95000076293945,6575700,48253392,3005703831.8573,3.0057038318573,,,,,,,,,45.17647,3.2440393,-13.024307,,,,93.62761722398167,Technology,Software - Application,United States,1501,2019-Q4
PRO,PROS HOLDINGS INC,2019-12-01 00:00:00-05:00,2019,4,12,59.91999816894531,62.220001220703125,62.29999923706055,57.790000915527344,4928700,48253392,2891343160.2854004,2.8913431602854005,,,,,,,,,45.17647,3.2440393,-13.024307,,,,90.82802196463837,Technology,Software - Application,United States,1501,2019-Q4
PRO,PROS HOLDINGS INC,2020-01-01 00:00:00-05:00,2020,1,1,60.0,60.5099983215332,68.80999755859375,59.540000915527344,4493200,48253392,2895203520.0,2.89520352,,,,,,,,,45.17647,3.2440393,-13.024307,,,,73.41041227177139,Technology,Software - Application,United States,1501,2020-Q1
PRO,PROS HOLDINGS INC,2020-02-01 00:00:00-05:00,2020,1,2,45.790000915527344,60.130001068115234,63.52000045776367,43.31999969482422,8299100,48253392,2209522863.8573,2.2095228638572997,,,,,,,,,45.17647,3.2440393,-13.024307,,,,7.488268910019169,Technology,Software - Application,United States,1501,2020-Q1
PRO,PROS HOLDINGS INC,2020-03-01 00:00:00-05:00,2020,1,3,31.030000686645508,45.900001525878906,47.689998626708984,19.729999542236328,11090300,48253392,1497302786.8929749,1.497302786892975,,,,,,,,,45.17647,3.2440393,-13.024307,,,,-26.538827051079284,Technology,Software - Application,United States,1501,2020-Q1
PRO,PROS HOLDINGS INC,2020-04-01 00:00:00-04:00,2020,2,4,34.38999938964844,29.68000030517578,34.79999923706055,24.56999969482422,7094400,48253392,1659434121.4284668,1.6594341214284667,,,,,,,,,45.17647,3.2440393,-13.024307,,,,-32.884468651177734,Technology,Software - Application,United States,1501,2020-Q2
PRO,PROS HOLDINGS INC,2020-05-01 00:00:00-04:00,2020,2,5,38.95000076293945,33.0,39.5,28.190000534057617,8238200,48253392,1879469655.2144165,1.8794696552144166,,,,,,,,,45.17647,3.2440393,-13.024307,,,,-31.305114217215046,Technology,Software - Application,United States,1501,2020-Q2
PRO,PROS HOLDINGS INC,2020-06-01 00:00:00-04:00,2020,2,6,44.43000030517578,38.95000076293945,46.0099983215332,38.0099983215332,9013300,48253392,2143898221.2857666,2.1438982212857667,,,,,,,,,45.17647,3.2440393,-13.024307,,,,-29.76604254816718,Technology,Software - Application,United States,1501,2020-Q2
PRO,PROS HOLDINGS INC,2020-07-01 00:00:00-04:00,2020,3,7,32.630001068115234,44.209999084472656,46.02000045776367,30.309999465942383,7711100,48253392,1574508232.500183,1.5745082325001831,,,,,,,,,45.17647,3.2440393,-13.024307,,,,-54.90602433266522,Technology,Software - Application,United States,1501,2020-Q3
PRO,PROS HOLDINGS INC,2020-08-01 00:00:00-04:00,2020,3,8,39.0,32.83000183105469,41.2400016784668,31.68000030517578,5357200,48253392,1881882288.0,1.881882288,,,,,,,,,45.17647,3.2440393,-13.024307,,,,-45.08588870257638,Technology,Software - Application,United States,1501,2020-Q3
PRO,PROS HOLDINGS INC,2020-09-01 00:00:00-04:00,2020,3,9,31.940000534057617,38.790000915527344,40.290000915527344,30.350000381469727,11660900,48253392,1541213366.2500916,1.5412133662500915,,,,,,,,,45.17647,3.2440393,-13.024307,,,,-46.4093937050581,Technology,Software - Application,United States,1501,2020-Q3
PRO,PROS HOLDINGS INC,2020-10-01 00:00:00-04:00,2020,4,10,28.170000076293945,32.15999984741211,35.849998474121094,24.549999237060547,9818900,48253392,1359298056.3214417,1.3592980563214416,,,,,,,,,45.17647,3.2440393,-13.024307,,,,-45.02342085571757,Technology,Software - Application,United States,1501,2020-Q4
PRO,PROS HOLDINGS INC,2020-11-01 00:00:00-04:00,2020,4,11,42.88999938964844,28.219999313354492,44.119998931884766,27.520000457763672,9372100,48253392,2069587953.4284668,2.0695879534284667,,,,,,,,,45.17647,3.2440393,-13.024307,,,,-31.144648002474128,Technology,Software - Application,United States,1501,2020-Q4
PRO,PROS HOLDINGS INC,2020-12-01 00:00:00-05:00,2020,4,12,50.77000045776367,43.400001525878906,51.83000183105469,42.130001068115234,7338100,48253392,2449824733.92865,2.44982473392865,,,,,,,,,45.17647,3.2440393,-13.024307,,,,-15.270357127487033,Technology,Software - Application,United States,1501,2020-Q4
PRO,PROS HOLDINGS INC,2021-01-01 00:00:00-05:00,2021,1,1,42.13999938964844,50.7400016784668,50.95000076293945,41.02000045776367,5943900,48253392,2033397909.4284668,2.0333979094284667,,,,,,,,,45.17647,3.2440393,-13.024307,,,,-29.766667683919266,Technology,Software - Application,United States,1501,2021-Q1
PRO,PROS HOLDINGS INC,2021-02-01 00:00:00-05:00,2021,1,2,47.400001525878906,42.79999923706055,50.18000030517578,41.869998931884766,6433100,48253392,2287210854.428833,2.287210854428833,,,,,,,,,45.17647,3.2440393,-13.024307,,,,3.516052802273717,Technology,Software - Application,United States,1501,2021-Q1
PRO,PROS HOLDINGS INC,2021-03-01 00:00:00-05:00,2021,1,3,42.5,48.31999969482422,48.720001220703125,40.959999084472656,7016100,48253392,2050769160.0,2.05076916,,,,,,,,,45.17647,3.2440393,-13.024307,,,,36.96422513548598,Technology,Software - Application,United States,1501,2021-Q1
PRO,PROS HOLDINGS INC,2021-04-01 00:00:00-04:00,2021,2,4,42.97999954223633,43.060001373291016,47.72999954223633,42.27000045776367,4369800,48253392,2073930766.07135,2.07393076607135,,,,,,,,,45.17647,3.2440393,-13.024307,,,,24.978192221700148,Technology,Software - Application,United States,1501,2021-Q2
PRO,PROS HOLDINGS INC,2021-05-01 00:00:00-04:00,2021,2,5,44.369998931884766,43.47999954223633,44.369998931884766,36.790000915527344,6773800,48253392,2141002951.499817,2.141002951499817,,,,,,,,,45.17647,3.2440393,-13.024307,,,,13.91527102125858,Technology,Software - Application,United States,1501,2021-Q2
PRO,PROS HOLDINGS INC,2021-06-01 00:00:00-04:00,2021,2,6,45.56999969482422,44.630001068115234,50.900001525878906,44.34000015258789,6772100,48253392,2198907058.7142334,2.198907058714233,,,,,,,,,45.17647,3.2440393,-13.024307,,,,2.5658325046548303,Technology,Software - Application,United States,1501,2021-Q2
PRO,PROS HOLDINGS INC,2021-07-01 00:00:00-04:00,2021,3,7,43.41999816894531,45.7599983215332,47.619998931884766,41.720001220703125,3416800,48253392,2095162192.2854004,2.0951621922854002,,,,,,,,,45.17647,3.2440393,-13.024307,,,,33.06771911623885,Technology,Software - Application,United States,1501,2021-Q3
PRO,PROS HOLDINGS INC,2021-08-01 00:00:00-04:00,2021,3,8,43.2400016784668,43.540000915527344,44.880001068115234,37.209999084472656,3954900,48253392,2086476751.0717163,2.086476751071716,,,,,,,,,45.17647,3.2440393,-13.024307,,,,10.871799175555896,Technology,Software - Application,United States,1501,2021-Q3
PRO,PROS HOLDINGS INC,2021-09-01 00:00:00-04:00,2021,3,9,35.47999954223633,43.58000183105469,44.209999084472656,35.369998931884766,4831700,48253392,1712030326.07135,1.71203032607135,,,,,,,,,45.17647,3.2440393,-13.024307,,,,11.083277861576768,Technology,Software - Application,United States,1501,2021-Q3
PRO,PROS HOLDINGS INC,2021-10-01 00:00:00-04:00,2021,4,10,30.0,35.81999969482422,37.11000061035156,29.719999313354492,5649000,48253392,1447601760.0,1.44760176,,,,,,,,,45.17647,3.2440393,-13.024307,,,,6.496272342029785,Technology,Software - Application,United States,1501,2021-Q4
PRO,PROS HOLDINGS INC,2021-11-01 00:00:00-04:00,2021,4,11,36.31999969482422,30.020000457763672,39.599998474121094,23.079999923706055,9149100,48253392,1752563182.7142334,1.7525631827142334,,,,,,,,,45.17647,3.2440393,-13.024307,,,,-15.318255510187528,Technology,Software - Application,United States,1501,2021-Q4
PRO,PROS HOLDINGS INC,2021-12-01 00:00:00-05:00,2021,4,12,34.4900016784668,36.9900016784668,37.38999938964844,30.360000610351562,6359200,48253392,1664259571.0717163,1.6642595710717163,,,,,,,,,45.17647,3.2440393,-13.024307,,,,-32.06617812194123,Technology,Software - Application,United States,1501,2021-Q4
PRO,PROS HOLDINGS INC,2022-01-01 00:00:00-05:00,2022,1,1,27.709999084472656,34.72999954223633,36.290000915527344,25.049999237060547,5466000,48253392,1337101448.1427002,1.3371014481427002,,,,,,,,,45.17647,3.2440393,-13.024307,,,,-34.24300074555878,Technology,Software - Application,United States,1501,2022-Q1
PRO,PROS HOLDINGS INC,2022-02-01 00:00:00-05:00,2022,1,2,31.780000686645508,27.950000762939453,34.7599983215332,26.850000381469727,7454400,48253392,1533492830.8929749,1.533492830892975,,,,,,,,,45.17647,3.2440393,-13.024307,,,,-32.95358720759823,Technology,Software - Application,United States,1501,2022-Q1
PRO,PROS HOLDINGS INC,2022-03-01 00:00:00-05:00,2022,1,3,33.310001373291016,31.790000915527344,34.279998779296875,28.06999969482422,6506300,48253392,1607320553.7859497,1.6073205537859496,,,,,,,,,45.17647,3.2440393,-13.024307,,,,-21.623526180491726,Technology,Software - Application,United States,1501,2022-Q1
PRO,PROS HOLDINGS INC,2022-04-01 00:00:00-04:00,2022,2,4,27.93000030517578,33.31999969482422,35.119998931884766,27.280000686645508,6126400,48253392,1347717253.2857666,1.3477172532857666,,,,,,,,,45.17647,3.2440393,-13.024307,,,,-35.016285242792875,Technology,Software - Application,United States,1501,2022-Q2
PRO,PROS HOLDINGS INC,2022-05-01 00:00:00-04:00,2022,2,5,27.290000915527344,28.110000610351562,31.739999771118164,23.149999618530273,5810700,48253392,1316835111.8572998,1.3168351118572998,,,,,,,,,45.17647,3.2440393,-13.024307,,,,-38.494474707060554,Technology,Software - Application,United States,1501,2022-Q2
PRO,PROS HOLDINGS INC,2022-06-01 00:00:00-04:00,2022,2,6,26.229999542236328,27.600000381469727,31.670000076293945,24.479999542236328,6474000,48253392,1265686450.07135,1.26568645007135,,,,,,,,,45.17647,3.2440393,-13.024307,,,,-42.44020250626532,Technology,Software - Application,United States,1501,2022-Q2
PRO,PROS HOLDINGS INC,2022-07-01 00:00:00-04:00,2022,3,7,24.3700008392334,26.030000686645508,29.020000457763672,22.209999084472656,4581600,48253392,1175935203.5358582,1.1759352035358581,,,,,,,,,45.17647,3.2440393,-13.024307,,,,-43.87378658006666,Technology,Software - Application,United States,1501,2022-Q3
PRO,PROS HOLDINGS INC,2022-08-01 00:00:00-04:00,2022,3,8,20.850000381469727,23.889999389648438,27.770000457763672,20.6299991607666,4586000,48253392,1006083241.6072083,1.0060832416072083,,,,,,,,,45.17647,3.2440393,-13.024307,,,,-51.7807595464251,Technology,Software - Application,United States,1501,2022-Q3
PRO,PROS HOLDINGS INC,2022-09-01 00:00:00-04:00,2022,3,9,24.700000762939453,20.389999389648438,25.969999313354492,18.09000015258789,4792300,48253392,1191858819.2144165,1.1918588192144166,,,,,,,,,45.17647,3.2440393,-13.024307,,,,-30.383311494872146,Technology,Software - Application,United States,1501,2022-Q3
PRO,PROS HOLDINGS INC,2022-10-01 00:00:00-04:00,2022,4,10,24.950000762939453,25.15999984741211,28.09000015258789,23.850000381469727,5207700,48253392,1203922167.2144165,1.2039221672144165,,,,,,,,,45.17647,3.2440393,-13.024307,,,,-16.833330790201828,Technology,Software - Application,United States,1501,2022-Q4
PRO,PROS HOLDINGS INC,2022-11-01 00:00:00-04:00,2022,4,11,23.81999969482422,25.479999542236328,29.59000015258789,22.09000015258789,5992000,48253392,1149395782.7142334,1.1493957827142334,,,,,,,,,45.17647,3.2440393,-13.024307,,,,-34.41629984865146,Technology,Software - Application,United States,1501,2022-Q4
PRO,PROS HOLDINGS INC,2022-12-01 00:00:00-05:00,2022,4,12,24.260000228881836,23.889999389648438,25.719999313354492,20.31999969482422,5340400,48253392,1170627300.964325,1.1706273009643249,,,,,,,,,45.17647,3.2440393,-13.024307,,,,-29.660773997502808,Technology,Software - Application,United States,1501,2022-Q4
PRO,PROS HOLDINGS INC,2023-01-01 00:00:00-05:00,2023,1,1,25.200000762939453,24.719999313354492,26.18000030517578,22.760000228881836,5547700,48253392,1215985515.2144165,1.2159855152144166,,,,,,,,,45.17647,3.2440393,-13.024307,,,,-9.058096010330384,Technology,Software - Application,United States,1501,2023-Q1
PRO,PROS HOLDINGS INC,2023-02-01 00:00:00-05:00,2023,1,2,26.09000015258789,25.209999084472656,31.0,25.0,5923000,48253392,1258931004.6428833,1.2589310046428832,,,,,,,,,45.17647,3.2440393,-13.024307,,,,-17.90434364731984,Technology,Software - Application,United States,1501,2023-Q1
PRO,PROS HOLDINGS INC,2023-03-01 00:00:00-05:00,2023,1,3,27.399999618530273,26.15999984741211,28.229999542236328,23.959999084472656,5047200,48253392,1322142922.3927917,1.3221429223927919,,,,,,,,,45.17647,3.2440393,-13.024307,,,,-17.742424230278065,Technology,Software - Application,United States,1501,2023-Q1
PRO,PROS HOLDINGS INC,2023-04-01 00:00:00-04:00,2023,2,4,28.3700008392334,27.09000015258789,30.200000762939453,25.520000457763672,3738700,48253392,1368948771.5358582,1.3689487715358581,,,,,,,,,45.17647,3.2440393,-13.024307,,,,1.575368883816597,Technology,Software - Application,United States,1501,2023-Q2
PRO,PROS HOLDINGS INC,2023-05-01 00:00:00-04:00,2023,2,5,30.31999969482422,28.15999984741211,30.540000915527344,24.610000610351562,7904900,48253392,1463042830.7142334,1.4630428307142334,,,,,,,,,45.17647,3.2440393,-13.024307,,,,11.10296327462883,Technology,Software - Application,United States,1501,2023-Q2
PRO,PROS HOLDINGS INC,2023-06-01 00:00:00-04:00,2023,2,6,30.799999237060547,29.850000381469727,31.440000534057617,27.59000015258789,7129700,48253392,1486204436.7855835,1.4862044367855836,,,,,,,,,45.17647,3.2440393,-13.024307,,,,17.422797463131733,Technology,Software - Application,United States,1501,2023-Q2
PRO,PROS HOLDINGS INC,2023-07-01 00:00:00-04:00,2023,3,7,38.0,30.649999618530273,38.959999084472656,29.479999542236328,6791700,48253392,1833628896.0,1.833628896,,,,,,,,,45.17647,3.2440393,-13.024307,,,,55.92941605001338,Technology,Software - Application,United States,1501,2023-Q3
PRO,PROS HOLDINGS INC,2023-08-01 00:00:00-04:00,2023,3,8,35.86000061035156,38.0099983215332,38.810001373291016,34.029998779296875,7571900,48253392,1730366666.5715332,1.7303666665715332,,,,,,,,,45.17647,3.2440393,-13.024307,,,,71.99040745448548,Technology,Software - Application,United States,1501,2023-Q3
PRO,PROS HOLDINGS INC,2023-09-01 00:00:00-04:00,2023,3,9,34.619998931884766,36.0,36.61000061035156,31.920000076293945,9294500,48253392,1670532379.499817,1.6705323794998168,,,,,,,,,45.17647,3.2440393,-13.024307,,,,40.16193466612983,Technology,Software - Application,United States,1501,2023-Q3
PRO,PROS HOLDINGS INC,2023-10-01 00:00:00-04:00,2023,4,10,31.149999618530273,34.599998474121094,35.31999969482422,30.950000762939453,8446300,48253392,1503093142.3927917,1.5030931423927918,,,,,,,,,45.17647,3.2440393,-13.024307,,,,24.849694052115034,Technology,Software - Application,United States,1501,2023-Q4
PRO,PROS HOLDINGS INC,2023-11-01 00:00:00-04:00,2023,4,11,36.54999923706055,33.08000183105469,37.720001220703125,32.040000915527344,7448900,48253392,1763661440.7855835,1.7636614407855835,,,,,,,,,45.17647,3.2440393,-13.024307,,,,53.44248406939482,Technology,Software - Application,United States,1501,2023-Q4
PRO,PROS HOLDINGS INC,2023-12-01 00:00:00-05:00,2023,4,12,38.790000915527344,36.619998931884766,40.9900016784668,36.31999969482422,7401800,48253392,1871749119.8572998,1.8717491198572997,,,,,,,,,45.17647,3.2440393,-13.024307,,,,59.89282996521723,Technology,Software - Application,United States,1501,2023-Q4
PRO,PROS HOLDINGS INC,2024-01-01 00:00:00-05:00,2024,1,1,34.41999816894531,38.25,38.25,32.849998474121094,5955600,48253392,1660881664.2854004,1.6608816642854003,,,,,,,,,45.17647,3.2440393,-13.024307,,,,36.5872901859801,Technology,Software - Application,United States,1501,2024-Q1
PRO,PROS HOLDINGS INC,2024-02-01 00:00:00-05:00,2024,1,2,35.75,34.41999816894531,38.04999923706055,32.75,7847500,48253392,1725058764.0,1.725058764,,,,,,,,,45.17647,3.2440393,-13.024307,,,,37.02567953589653,Technology,Software - Application,United States,1501,2024-Q1
PRO,PROS HOLDINGS INC,2024-03-01 00:00:00-05:00,2024,1,3,36.33000183105469,35.7400016784668,37.189998626708984,34.119998931884766,5349800,48253392,1753045819.7145996,1.7530458197145997,,,,,,,,,45.17647,3.2440393,-13.024307,,,,32.59124940456264,Technology,Software - Application,United States,1501,2024-Q1
PRO,PROS HOLDINGS INC,2024-04-01 00:00:00-04:00,2024,2,4,32.75,36.380001068115234,38.709999084472656,32.720001220703125,6108100,48253392,1580298588.0,1.580298588,82013000.0,82.013,53194000.0,-7386000.0,-7184000.0,-3298000.0,4.817219794422836,,45.17647,3.2440393,-13.024307,,,,15.438840434256939,Technology,Software - Application,United States,1501,2024-Q2
PRO,PROS HOLDINGS INC,2024-05-01 00:00:00-04:00,2024,2,5,29.479999542236328,32.91999816894531,34.43000030517578,29.149999618530273,7517800,48253392,1422509974.07135,1.42250997407135,82013000.0,82.013,53194000.0,-7386000.0,-7184000.0,-3298000.0,4.3362332010515106,,45.17647,3.2440393,-13.024307,,0.0,,-2.7704490799559056,Technology,Software - Application,United States,1501,2024-Q2
PRO,PROS HOLDINGS INC,2024-06-01 00:00:00-04:00,2024,2,6,28.649999618530273,29.969999313354492,29.979999542236328,26.309999465942383,7744500,48253392,1382459662.3927917,1.3824596623927918,82013000.0,82.013,53194000.0,-7386000.0,-7184000.0,-3298000.0,4.214147947254679,,45.17647,3.2440393,-13.024307,,0.0,,-6.980518414894165,Technology,Software - Application,United States,1501,2024-Q2
PRO,PROS HOLDINGS INC,2024-07-01 00:00:00-04:00,2024,3,7,24.100000381469727,28.75,28.75,23.290000915527344,11433200,48253392,1162906765.6072083,1.1629067656072083,82702000.0,82.702,54404000.0,235000.0,31000.0,3918000.0,3.5153526081812054,,45.17647,3.2440393,-13.024307,,0.8401107141550623,,-36.57894636455335,Technology,Software - Application,United States,1501,2024-Q3
PRO,PROS HOLDINGS INC,2024-08-01 00:00:00-04:00,2024,3,8,20.1299991607666,24.260000228881836,24.459999084472656,18.65999984741211,20448000,48253392,971340740.4641418,0.9713407404641419,82702000.0,82.702,54404000.0,235000.0,31000.0,3918000.0,2.9362673830866903,,45.17647,3.2440393,-13.024307,,0.0,0.8401107141550623,-43.865033970591305,Technology,Software - Application,United States,1501,2024-Q3
PRO,PROS HOLDINGS INC,2024-09-01 00:00:00-04:00,2024,3,9,18.520000457763672,19.950000762939453,20.079999923706055,16.639999389648438,14592300,48253392,893652841.9286499,0.8936528419286499,82702000.0,82.702,54404000.0,235000.0,31000.0,3918000.0,2.701424517933816,,45.17647,3.2440393,-13.024307,,0.0,0.8401107141550623,-46.504907483671566,Technology,Software - Application,United States,1501,2024-Q3
PRO,PROS HOLDINGS INC,2024-10-01 00:00:00-04:00,2024,4,10,19.799999237060547,18.469999313354492,23.0,17.489999771118164,10244800,48253392,955417124.7855835,0.9554171247855835,84969000.0,84.969,57590000.0,-1967000.0,-1567000.0,1887000.0,2.8110755828172143,,45.17647,3.2440393,-13.024307,,2.7411670818118017,3.6043066343140806,-36.4365987815869,Technology,Software - Application,United States,1501,2024-Q4
PRO,PROS HOLDINGS INC,2024-11-01 00:00:00-04:00,2024,4,11,23.170000076293945,20.09000015258789,24.739999771118164,20.020000457763672,10581500,48253392,1118031096.3214417,1.1180310963214417,84969000.0,84.969,57590000.0,-1967000.0,-1567000.0,1887000.0,3.2895264635380013,,45.17647,3.2440393,-13.024307,,0.0,2.7411670818118017,-36.607385608915976,Technology,Software - Application,United States,1501,2024-Q4
PRO,PROS HOLDINGS INC,2024-12-01 00:00:00-05:00,2024,4,12,21.959999084472656,23.149999618530273,26.100000381469727,21.549999237060547,10329200,48253392,1059644444.1427002,1.0596444441427002,84969000.0,84.969,57590000.0,-1967000.0,-1567000.0,1887000.0,3.117738363822983,,45.17647,3.2440393,-13.024307,,0.0,2.7411670818118017,-43.387474694071905,Technology,Software - Application,United States,1501,2024-Q4
PRO,PROS HOLDINGS INC,2025-01-01 00:00:00-05:00,2025,1,1,23.6200008392334,22.34000015258789,25.139999389648438,21.0,7937300,48253392,1139745159.5358582,1.139745159535858,86322000.0,86.322,58390000.0,-3689000.0,-3825000.0,318000.0,3.3008536628433602,,45.17647,3.2440393,-13.024307,,1.5923454436323814,4.377161374573779,-31.37710024475241,Technology,Software - Application,United States,1501,2025-Q1
PRO,PROS HOLDINGS INC,2025-02-01 00:00:00-05:00,2025,1,2,24.18000030517578,22.989999771118164,29.84000015258789,22.8799991607666,8528900,48253392,1166767033.2857666,1.1667670332857667,86322000.0,86.322,58390000.0,-3689000.0,-3825000.0,318000.0,3.3791126053780225,,45.17647,3.2440393,-13.024307,,0.0,1.5923454436323814,-32.36363550999781,Technology,Software - Application,United States,1501,2025-Q1
PRO,PROS HOLDINGS INC,2025-03-01 00:00:00-05:00,2025,1,3,19.030000686645508,24.309999465942383,25.149999618530273,18.780000686645508,8811600,48253392,918262082.8929749,0.9182620828929748,86322000.0,86.322,58390000.0,-3689000.0,-3825000.0,318000.0,2.659409197229486,,45.17647,3.2440393,-13.024307,,0.0,1.5923454436323814,-47.61904836905687,Technology,Software - Application,United States,1501,2025-Q1
PRO,PROS HOLDINGS INC,2025-04-01 00:00:00-04:00,2025,2,4,17.079999923706055,18.989999771118164,19.549999237060547,14.8100004196167,12965800,48253392,824167931.6785583,0.8241679316785584,88715000.0,88.715,59520000.0,-1756000.0,-7599000.0,1899000.0,2.3225157292412737,,45.17647,3.2440393,-13.024307,,2.7721785871504423,4.4086666902046545,-47.84732847723342,Technology,Software - Application,United States,1501,2025-Q2
PRO,PROS HOLDINGS INC,2025-05-01 00:00:00-04:00,2025,2,5,17.59000015258789,17.43000030517578,18.989999771118164,15.670000076293945,12311300,48253392,848777172.6428833,0.8487771726428833,88715000.0,88.715,59520000.0,-1756000.0,-7599000.0,1899000.0,2.3918648837369196,,45.17647,3.2440393,-13.024307,,0.0,2.7721785871504423,-40.332427321152096,Technology,Software - Application,United States,1501,2025-Q2
PRO,PROS HOLDINGS INC,2025-06-01 00:00:00-04:00,2025,2,6,15.65999984741211,17.450000762939453,20.280000686645508,13.609999656677246,22766700,48253392,755648111.3571167,0.7556481113571167,88715000.0,88.715,59520000.0,-1756000.0,-7599000.0,1899000.0,2.1294260028098875,,45.17647,3.2440393,-13.024307,,0.0,2.7721785871504423,-45.34031394093451,Technology,Software - Application,United States,1501,2025-Q2
PRO,PROS HOLDINGS INC,2025-07-01 00:00:00-04:00,2025,3,7,15.6899995803833,15.680000305175781,17.100000381469727,14.75,20295200,48253392,757095700.2320709,0.757095700232071,,,,,,,,,45.17647,3.2440393,-13.024307,,0.0,2.7721785871504423,-34.896268331816295,Technology,Software - Application,United States,1501,2025-Q3
PRO,PROS HOLDINGS INC,2025-08-01 00:00:00-04:00,2025,3,8,15.5,15.329999923706055,15.989999771118164,14.050000190734863,18867900,48253392,747927576.0,0.747927576,,,,,,,,,45.17647,3.2440393,-13.024307,,0.0,0.0,-23.00049356082675,Technology,Software - Application,United States,1501,2025-Q3
PRO,PROS HOLDINGS INC,2025-09-01 00:00:00-04:00,2025,3,9,22.90999984741211,15.289999961853027,23.040000915527344,14.489999771118164,44207600,48253392,1105485203.3571167,1.1054852033571168,,,,,,,,,45.17647,3.2440393,-13.024307,,0.0,0.0,23.70409979017105,Technology,Software - Application,United States,1501,2025-Q3
PRO,PROS HOLDINGS INC,2025-10-01 00:00:00-04:00,2025,4,10,23.040000915527344,22.90999984741211,23.09000015258789,22.90999984741211,32839229,48253392,1111758195.8572998,1.1117581958572997,,,,,,,,,45.17647,3.2440393,-13.024307,,0.0,0.0,16.363645471270228,Technology,Software - Application,United States,1501,2025-Q4
