ticker,company_name,date,year,quarter,month,close_price,open_price,high_price,low_price,volume,shares_outstanding,market_cap,market_cap_billions,revenue,revenue_millions,gross_profit,net_income,operating_income,ebitda,ps_ratio,current_pe,forward_pe,current_ps,current_pb,peg_ratio,revenue_qoq_pct,revenue_yoy_pct,market_cap_yoy_pct,sector,industry,country,employees,year_quarter
PSTG,PURE STORAGE-A,2015-10-01 00:00:00-04:00,2015,4,10,17.6299991607666,17.0,20.600000381469727,15.5,48348400,328636590,5793862805.897198,5.793862805897198,,,,,,,,228.7561,50.697296,9.199741,23.192383,,,,,Technology,Computer Hardware,United States,6000,2015-Q4
PSTG,PURE STORAGE-A,2015-11-01 00:00:00-04:00,2015,4,11,12.90999984741211,18.350000381469727,18.358999252319336,12.260000228881836,23610100,328636590,4242698326.754036,4.242698326754036,,,,,,,,228.7561,50.697296,9.199741,23.192383,,,,,Technology,Computer Hardware,United States,6000,2015-Q4
PSTG,PURE STORAGE-A,2015-12-01 00:00:00-05:00,2015,4,12,15.569999694824219,12.850000381469727,18.389999389648438,12.720000267028809,40386900,328636590,5116871606.008072,5.116871606008072,,,,,,,,228.7561,50.697296,9.199741,23.192383,,,,,Technology,Computer Hardware,United States,6000,2015-Q4
PSTG,PURE STORAGE-A,2016-01-01 00:00:00-05:00,2016,1,1,13.010000228881836,15.34000015258789,15.34000015258789,12.9399995803833,19290100,328636590,4275562111.118946,4.275562111118946,,,,,,,,228.7561,50.697296,9.199741,23.192383,,,,,Technology,Computer Hardware,United States,6000,2016-Q1
PSTG,PURE STORAGE-A,2016-02-01 00:00:00-05:00,2016,1,2,14.380000114440918,12.960000038146973,14.479999542236328,11.050000190734863,17207200,328636590,4725794201.809473,4.725794201809473,,,,,,,,228.7561,50.697296,9.199741,23.192383,,,,,Technology,Computer Hardware,United States,6000,2016-Q1
PSTG,PURE STORAGE-A,2016-03-01 00:00:00-05:00,2016,1,3,13.6899995803833,14.420000076293945,16.399999618530273,12.100000381469727,31833600,328636590,4499034779.198599,4.499034779198599,,,,,,,,228.7561,50.697296,9.199741,23.192383,,,,,Technology,Computer Hardware,United States,6000,2016-Q1
PSTG,PURE STORAGE-A,2016-04-01 00:00:00-04:00,2016,2,4,14.550000190734863,13.649999618530273,15.350000381469727,13.460000038146973,28671100,328636590,4781662447.182455,4.781662447182455,,,,,,,,228.7561,50.697296,9.199741,23.192383,,,,,Technology,Computer Hardware,United States,6000,2016-Q2
PSTG,PURE STORAGE-A,2016-05-01 00:00:00-04:00,2016,2,5,11.779999732971191,14.510000228881836,15.199999809265137,11.050000190734863,37001300,328636590,3871338942.444563,3.871338942444563,,,,,,,,228.7561,50.697296,9.199741,23.192383,,,,,Technology,Computer Hardware,United States,6000,2016-Q2
PSTG,PURE STORAGE-A,2016-06-01 00:00:00-04:00,2016,2,6,10.899999618530273,11.670000076293945,12.0,9.619999885559082,42694200,328636590,3582138705.63509,3.58213870563509,,,,,,,,228.7561,50.697296,9.199741,23.192383,,,,,Technology,Computer Hardware,United States,6000,2016-Q2
PSTG,PURE STORAGE-A,2016-07-01 00:00:00-04:00,2016,3,7,12.600000381469727,10.899999618530273,12.680000305175781,10.550000190734863,19244200,328636590,4140821159.36491,4.1408211593649105,,,,,,,,228.7561,50.697296,9.199741,23.192383,,,,,Technology,Computer Hardware,United States,6000,2016-Q3
PSTG,PURE STORAGE-A,2016-08-01 00:00:00-04:00,2016,3,8,11.710000038146973,12.600000381469727,13.970000267028809,11.0,36513300,328636590,3848334481.436491,3.848334481436491,,,,,,,,228.7561,50.697296,9.199741,23.192383,,,,,Technology,Computer Hardware,United States,6000,2016-Q3
PSTG,PURE STORAGE-A,2016-09-01 00:00:00-04:00,2016,3,9,13.550000190734863,11.800000190734863,13.970000267028809,11.529999732971191,26122000,328636590,4453025857.182455,4.453025857182455,,,,,,,,228.7561,50.697296,9.199741,23.192383,,,,,Technology,Computer Hardware,United States,6000,2016-Q3
PSTG,PURE STORAGE-A,2016-10-01 00:00:00-04:00,2016,4,10,12.34000015258789,13.470000267028809,15.079999923706055,12.010000228881836,20066800,328636590,4055375570.745964,4.055375570745964,,,,,,,,228.7561,50.697296,9.199741,23.192383,,,,-30.00566795233294,Technology,Computer Hardware,United States,6000,2016-Q4
PSTG,PURE STORAGE-A,2016-11-01 00:00:00-04:00,2016,4,11,13.949999809265137,12.329999923706055,15.140000343322754,11.4399995803833,20631100,328636590,4584480367.817545,4.5844803678175445,,,,,,,,228.7561,50.697296,9.199741,23.192383,,,,8.055770520101913,Technology,Computer Hardware,United States,6000,2016-Q4
PSTG,PURE STORAGE-A,2016-12-01 00:00:00-05:00,2016,4,12,11.3100004196167,13.90999984741211,13.979999542236328,11.149999618530273,28937700,328636590,3716879970.801401,3.716879970801401,,,,,,,,228.7561,50.697296,9.199741,23.192383,,,,-27.360304166374704,Technology,Computer Hardware,United States,6000,2016-Q4
PSTG,PURE STORAGE-A,2017-01-01 00:00:00-05:00,2017,1,1,11.369999885559082,11.505000114440918,12.34000015258789,11.09000015258789,34919900,328636590,3736597990.690527,3.736597990690527,,,,,,,,228.7561,50.697296,9.199741,23.192383,,,,-12.605690349505139,Technology,Computer Hardware,United States,6000,2017-Q1
PSTG,PURE STORAGE-A,2017-02-01 00:00:00-05:00,2017,1,2,11.399999618530273,11.369999885559082,12.34000015258789,11.0600004196167,23076300,328636590,3746457000.63509,3.7464570006350897,,,,,,,,228.7561,50.697296,9.199741,23.192383,,,,-20.72322998744638,Technology,Computer Hardware,United States,6000,2017-Q1
PSTG,PURE STORAGE-A,2017-03-01 00:00:00-05:00,2017,1,3,9.829999923706055,11.5600004196167,11.600000381469727,9.119999885559082,51125200,328636590,3230497654.627018,3.230497654627018,,,,,,,,228.7561,50.697296,9.199741,23.192383,,,,-28.195761687300003,Technology,Computer Hardware,United States,6000,2017-Q1
PSTG,PURE STORAGE-A,2017-04-01 00:00:00-04:00,2017,2,4,10.609999656677246,10.010000228881836,10.869999885559082,10.010000228881836,23105600,328636590,3486834107.071581,3.486834107071581,,,,,,,,228.7561,50.697296,9.199741,23.192383,,,,-27.079041116209247,Technology,Computer Hardware,United States,6000,2017-Q2
PSTG,PURE STORAGE-A,2017-05-01 00:00:00-04:00,2017,2,5,12.9399995803833,10.600000381469727,13.100000381469727,9.8100004196167,52795600,328636590,4252557336.698599,4.252557336698599,,,,,,,,228.7561,50.697296,9.199741,23.192383,,,,9.84719756966863,Technology,Computer Hardware,United States,6000,2017-Q2
PSTG,PURE STORAGE-A,2017-06-01 00:00:00-04:00,2017,2,6,12.8100004196167,12.9399995803833,13.649999618530273,11.899999618530273,45198800,328636590,4209834855.801401,4.209834855801401,,,,,,,,228.7561,50.697296,9.199741,23.192383,,,,17.52294374248762,Technology,Computer Hardware,United States,6000,2017-Q2
PSTG,PURE STORAGE-A,2017-07-01 00:00:00-04:00,2017,3,7,12.069999694824219,12.890000343322754,13.880000114440918,11.989999771118164,24462200,328636590,3966643541.008072,3.966643541008072,,,,,,,,228.7561,50.697296,9.199741,23.192383,,,,-4.206354528567768,Technology,Computer Hardware,United States,6000,2017-Q3
PSTG,PURE STORAGE-A,2017-08-01 00:00:00-04:00,2017,3,8,14.890000343322754,12.119999885559082,15.09000015258789,12.0,45294800,328636590,4893398937.928419,4.893398937928419,,,,,,,,228.7561,50.697296,9.199741,23.192383,,,,27.15627920423982,Technology,Computer Hardware,United States,6000,2017-Q3
PSTG,PURE STORAGE-A,2017-09-01 00:00:00-04:00,2017,3,9,15.989999771118164,14.970000267028809,16.350000381469727,14.350000381469727,33561600,328636590,5254898998.881054,5.254898998881054,,,,,,,,228.7561,50.697296,9.199741,23.192383,,,,18.007376723519975,Technology,Computer Hardware,United States,6000,2017-Q3
PSTG,PURE STORAGE-A,2017-10-01 00:00:00-04:00,2017,4,10,16.43000030517578,15.989999771118164,16.639999389648438,15.149999618530273,27074000,328636590,5399499273.991928,5.399499273991928,,,,,,,,228.7561,50.697296,9.199741,23.192383,,,,33.14424718001445,Technology,Computer Hardware,United States,6000,2017-Q4
PSTG,PURE STORAGE-A,2017-11-01 00:00:00-04:00,2017,4,11,18.479999542236328,16.6299991607666,19.274999618530273,16.280000686645508,43389600,328636590,6073204032.762108,6.073204032762108,,,,,,,,228.7561,50.697296,9.199741,23.192383,,,,32.47311680938169,Technology,Computer Hardware,United States,6000,2017-Q4
PSTG,PURE STORAGE-A,2017-12-01 00:00:00-05:00,2017,4,12,15.859999656677246,18.110000610351562,18.34000015258789,15.8100004196167,38643100,328636590,5212176204.571581,5.2121762045715805,,,,,,,,228.7561,50.697296,9.199741,23.192383,,,,40.22987681918006,Technology,Computer Hardware,United States,6000,2017-Q4
PSTG,PURE STORAGE-A,2018-01-01 00:00:00-05:00,2018,1,1,20.139999389648438,15.9399995803833,21.229999542236328,15.899999618530273,50401800,328636590,6618740722.016144,6.618740722016144,,,,,,,,228.7561,50.697296,9.199741,23.192383,,,,77.13280204363097,Technology,Computer Hardware,United States,6000,2018-Q1
PSTG,PURE STORAGE-A,2018-02-01 00:00:00-05:00,2018,1,2,21.670000076293945,20.100000381469727,22.600000381469727,18.3700008392334,43833000,328636590,7121554930.372982,7.121554930372982,,,,,,,,228.7561,50.697296,9.199741,23.192383,,,,90.08772632825503,Technology,Computer Hardware,United States,6000,2018-Q1
PSTG,PURE STORAGE-A,2018-03-01 00:00:00-05:00,2018,1,3,19.950000762939453,21.790000915527344,22.030000686645508,18.645000457763672,83405000,328636590,6556300221.22982,6.5563002212298205,,,,,,,,228.7561,50.697296,9.199741,23.192383,,,,102.95016193060161,Technology,Computer Hardware,United States,6000,2018-Q1
PSTG,PURE STORAGE-A,2018-04-01 00:00:00-04:00,2018,2,4,20.229999542236328,19.780000686645508,21.329999923706055,18.295000076293945,58120200,328636590,6648318065.262108,6.6483180652621074,,,,,,,,228.7561,50.697296,9.199741,23.192383,,,,90.66918187414717,Technology,Computer Hardware,United States,6000,2018-Q2
PSTG,PURE STORAGE-A,2018-05-01 00:00:00-04:00,2018,2,5,21.459999084472656,20.139999389648438,24.309999465942383,19.6200008392334,100695400,328636590,7052540920.524216,7.0525409205242156,,,,,,,,228.7561,50.697296,9.199741,23.192383,,,,65.84234760722443,Technology,Computer Hardware,United States,6000,2018-Q2
PSTG,PURE STORAGE-A,2018-06-01 00:00:00-04:00,2018,2,6,23.8799991607666,21.459999084472656,25.6200008392334,21.440000534057617,92634900,328636590,7847841493.397198,7.847841493397198,,,,,,,,228.7561,50.697296,9.199741,23.192383,,,,86.41684916885536,Technology,Computer Hardware,United States,6000,2018-Q2
PSTG,PURE STORAGE-A,2018-07-01 00:00:00-04:00,2018,3,7,21.65999984741211,23.6299991607666,24.854999542236328,21.219999313354492,48866800,328636590,7118268489.254036,7.118268489254036,,,,,,,,228.7561,50.697296,9.199741,23.192383,,,,79.45319299966688,Technology,Computer Hardware,United States,6000,2018-Q3
PSTG,PURE STORAGE-A,2018-08-01 00:00:00-04:00,2018,3,8,26.84000015258789,21.770000457763672,27.149999618530273,21.079999923706055,75525600,328636590,8820606125.745964,8.820606125745964,,,,,,,,228.7561,50.697296,9.199741,23.192383,,,,80.2552017040347,Technology,Computer Hardware,United States,6000,2018-Q3
PSTG,PURE STORAGE-A,2018-09-01 00:00:00-04:00,2018,3,9,25.950000762939453,26.65999984741211,29.135000228881836,25.829999923706055,54290100,328636590,8528119761.22982,8.52811976122982,,,,,,,,228.7561,50.697296,9.199741,23.192383,,,,62.28893767598094,Technology,Computer Hardware,United States,6000,2018-Q3
PSTG,PURE STORAGE-A,2018-10-01 00:00:00-04:00,2018,4,10,20.18000030517578,25.940000534057617,26.350000381469727,18.235000610351562,82217600,328636590,6631886486.491928,6.631886486491928,,,,,,,,228.7561,50.697296,9.199741,23.192383,,,,22.824101828036337,Technology,Computer Hardware,United States,6000,2018-Q4
PSTG,PURE STORAGE-A,2018-11-01 00:00:00-04:00,2018,4,11,18.90999984741211,20.270000457763672,22.5,16.56999969482422,75634400,328636590,6214517866.754036,6.214517866754036,,,,,,,,228.7561,50.697296,9.199741,23.192383,,,,2.326841535861557,Technology,Computer Hardware,United States,6000,2018-Q4
PSTG,PURE STORAGE-A,2018-12-01 00:00:00-05:00,2018,4,12,16.079999923706055,19.6200008392334,19.700000762939453,13.989999771118164,65647000,328636590,5284476342.127018,5.284476342127018,,,,,,,,228.7561,50.697296,9.199741,23.192383,,,,1.3871391664008303,Technology,Computer Hardware,United States,6000,2018-Q4
PSTG,PURE STORAGE-A,2019-01-01 00:00:00-05:00,2019,1,1,17.90999984741211,15.699999809265137,18.469999313354492,15.420000076293945,61109000,328636590,5885881276.754036,5.885881276754036,,,,,,,,228.7561,50.697296,9.199741,23.192383,,,,-11.072490614783748,Technology,Computer Hardware,United States,6000,2019-Q1
PSTG,PURE STORAGE-A,2019-02-01 00:00:00-05:00,2019,1,2,20.479999542236328,17.850000381469727,20.75,17.850000381469727,65800300,328636590,6730477212.762108,6.730477212762108,,,,,,,,228.7561,50.697296,9.199741,23.192383,,,,-5.491465297037202,Technology,Computer Hardware,United States,6000,2019-Q1
PSTG,PURE STORAGE-A,2019-03-01 00:00:00-05:00,2019,1,3,21.790000915527344,19.850000381469727,21.8700008392334,18.65999984741211,77653500,328636590,7160991596.975784,7.1609915969757845,,,,,,,,228.7561,50.697296,9.199741,23.192383,,,,9.223058056248323,Technology,Computer Hardware,United States,6000,2019-Q1
PSTG,PURE STORAGE-A,2019-04-01 00:00:00-04:00,2019,2,4,22.860000610351562,21.989999771118164,23.530000686645508,21.989999771118164,63267800,328636590,7512632647.983856,7.512632647983856,,,,,,,,228.7561,50.697296,9.199741,23.192383,,,,13.000499889405837,Technology,Computer Hardware,United States,6000,2019-Q2
PSTG,PURE STORAGE-A,2019-05-01 00:00:00-04:00,2019,2,5,15.859999656677246,23.190000534057617,23.299999237060547,15.170999526977539,103568900,328636590,5212176204.571581,5.2121762045715805,,,,,,,,228.7561,50.697296,9.199741,23.192383,,,,-26.09505902471021,Technology,Computer Hardware,United States,6000,2019-Q2
PSTG,PURE STORAGE-A,2019-06-01 00:00:00-04:00,2019,2,6,15.270000457763672,15.859999656677246,16.764999389648438,15.130000114440918,74734800,328636590,5018280879.737892,5.018280879737892,,,,,,,,228.7561,50.697296,9.199741,23.192383,,,,-36.05527221771698,Technology,Computer Hardware,United States,6000,2019-Q2
PSTG,PURE STORAGE-A,2019-07-01 00:00:00-04:00,2019,3,7,15.140000343322754,15.569999694824219,16.25,14.979999542236328,74186500,328636590,4975558085.428419,4.975558085428419,,,,,,,,228.7561,50.697296,9.199741,23.192383,,,,-30.10156763629134,Technology,Computer Hardware,United States,6000,2019-Q3
PSTG,PURE STORAGE-A,2019-08-01 00:00:00-04:00,2019,3,8,16.280000686645508,15.210000038146973,16.43000030517578,12.675000190734863,106237200,328636590,5350203910.856838,5.350203910856838,,,,,,,,228.7561,50.697296,9.199741,23.192383,,,,-39.344260081623716,Technology,Computer Hardware,United States,6000,2019-Q3
PSTG,PURE STORAGE-A,2019-09-01 00:00:00-04:00,2019,3,9,16.940000534057617,16.06999969482422,18.469999313354492,15.680000305175781,66627100,328636590,5567104010.110874,5.567104010110874,,,,,,,,228.7561,50.697296,9.199741,23.192383,,,,-34.72061643153971,Technology,Computer Hardware,United States,6000,2019-Q3
PSTG,PURE STORAGE-A,2019-10-01 00:00:00-04:00,2019,4,10,19.459999084472656,17.0,19.639999389648438,15.680000305175781,72232600,328636590,6395267740.524216,6.395267740524216,,,,,,,,228.7561,50.697296,9.199741,23.192383,,,,-3.56789499412673,Technology,Computer Hardware,United States,6000,2019-Q4
PSTG,PURE STORAGE-A,2019-11-01 00:00:00-04:00,2019,4,11,16.06999969482422,19.549999237060547,20.5,15.800000190734863,96395400,328636590,5281189901.008072,5.281189901008072,,,,,,,,228.7561,50.697296,9.199741,23.192383,,,,-15.018509653645252,Technology,Computer Hardware,United States,6000,2019-Q4
PSTG,PURE STORAGE-A,2019-12-01 00:00:00-05:00,2019,4,12,17.110000610351562,16.059999465942383,17.280000686645508,15.300000190734863,57275100,328636590,5622972255.483856,5.622972255483856,,,,,,,,228.7561,50.697296,9.199741,23.192383,,,,6.405476937391152,Technology,Computer Hardware,United States,6000,2019-Q4
PSTG,PURE STORAGE-A,2020-01-01 00:00:00-05:00,2020,1,1,17.799999237060547,17.25,19.479999542236328,17.15999984741211,64569600,328636590,5849731051.27018,5.8497310512701794,,,,,,,,228.7561,50.697296,9.199741,23.192383,,,,-0.6141854343312936,Technology,Computer Hardware,United States,6000,2020-Q1
PSTG,PURE STORAGE-A,2020-02-01 00:00:00-05:00,2020,1,2,15.260000228881836,17.84000015258789,19.75,14.65999984741211,73379000,328636590,5014994438.618946,5.014994438618946,,,,,,,,228.7561,50.697296,9.199741,23.192383,,,,-25.488278466946145,Technology,Computer Hardware,United States,6000,2020-Q1
PSTG,PURE STORAGE-A,2020-03-01 00:00:00-05:00,2020,1,3,12.300000190734863,15.399999618530273,16.020000457763672,7.929999828338623,102478700,328636590,4042230119.682455,4.042230119682455,,,,,,,,228.7561,50.697296,9.199741,23.192383,,,,-43.552089610193626,Technology,Computer Hardware,United States,6000,2020-Q1
PSTG,PURE STORAGE-A,2020-04-01 00:00:00-04:00,2020,2,4,14.399999618530273,11.6899995803833,15.199999809265137,10.53499984741211,70836900,328636590,4732366770.63509,4.73236677063509,,,,,,,,228.7561,50.697296,9.199741,23.192383,,,,-37.00787736633041,Technology,Computer Hardware,United States,6000,2020-Q2
PSTG,PURE STORAGE-A,2020-05-01 00:00:00-04:00,2020,2,5,17.610000610351562,13.960000038146973,18.079999923706055,12.5649995803833,62104800,328636590,5787290550.483856,5.787290550483856,,,,,,,,228.7561,50.697296,9.199741,23.192383,,,,11.034054171227847,Technology,Computer Hardware,United States,6000,2020-Q2
PSTG,PURE STORAGE-A,2020-06-01 00:00:00-04:00,2020,2,6,17.329999923706055,17.1299991607666,17.795000076293945,15.390000343322754,69090400,328636590,5695272079.627018,5.695272079627018,,,,,,,,228.7561,50.697296,9.199741,23.192383,,,,13.490500354864254,Technology,Computer Hardware,United States,6000,2020-Q2
PSTG,PURE STORAGE-A,2020-07-01 00:00:00-04:00,2020,3,7,17.860000610351562,17.34000015258789,18.584999084472656,16.139999389648438,71159600,328636590,5869449697.983856,5.869449697983856,,,,,,,,228.7561,50.697296,9.199741,23.192383,,,,17.965655253293434,Technology,Computer Hardware,United States,6000,2020-Q3
PSTG,PURE STORAGE-A,2020-08-01 00:00:00-04:00,2020,3,8,15.260000228881836,18.010000228881836,18.479999542236328,14.34000015258789,102700200,328636590,5014994438.618946,5.014994438618946,,,,,,,,228.7561,50.697296,9.199741,23.192383,,,,-6.265358812916877,Technology,Computer Hardware,United States,6000,2020-Q3
PSTG,PURE STORAGE-A,2020-09-01 00:00:00-04:00,2020,3,9,15.390000343322754,15.369999885559082,15.850000381469727,13.909000396728516,81285600,328636590,5057717232.928419,5.057717232928419,,,,,,,,228.7561,50.697296,9.199741,23.192383,,,,-9.149941805601546,Technology,Computer Hardware,United States,6000,2020-Q3
PSTG,PURE STORAGE-A,2020-10-01 00:00:00-04:00,2020,4,10,16.100000381469727,15.75,18.850000381469727,15.239999771118164,85216400,328636590,5291049224.36491,5.29104922436491,,,,,,,,228.7561,50.697296,9.199741,23.192383,,,,-17.266181197736586,Technology,Computer Hardware,United States,6000,2020-Q4
PSTG,PURE STORAGE-A,2020-11-01 00:00:00-04:00,2020,4,11,18.270000457763672,16.290000915527344,20.0,16.155000686645508,61040900,328636590,6004190649.737892,6.004190649737892,,,,,,,,228.7561,50.697296,9.199741,23.192383,,,,13.690110794762633,Technology,Computer Hardware,United States,6000,2020-Q4
PSTG,PURE STORAGE-A,2020-12-01 00:00:00-05:00,2020,4,12,22.610000610351562,18.420000076293945,24.6299991607666,18.309999465942383,95941700,328636590,7430473500.483856,7.430473500483856,,,,,,,,228.7561,50.697296,9.199741,23.192383,,,,32.144943330232834,Technology,Computer Hardware,United States,6000,2020-Q4
PSTG,PURE STORAGE-A,2021-01-01 00:00:00-05:00,2021,1,1,23.1299991607666,22.81999969482422,24.3700008392334,21.360000610351562,73999400,328636590,7601364050.897198,7.601364050897198,,,,,,,,228.7561,50.697296,9.199741,23.192383,,,,29.943821079546517,Technology,Computer Hardware,United States,6000,2021-Q1
PSTG,PURE STORAGE-A,2021-02-01 00:00:00-05:00,2021,1,2,23.3799991607666,23.31999969482422,29.530000686645508,22.520000457763672,113494800,328636590,7683523198.397198,7.683523198397197,,,,,,,,228.7561,50.697296,9.199741,23.192383,,,,53.21100137676571,Technology,Computer Hardware,United States,6000,2021-Q1
PSTG,PURE STORAGE-A,2021-03-01 00:00:00-05:00,2021,1,3,21.540000915527344,24.020000457763672,24.739999771118164,18.520000457763672,147726800,328636590,7078832449.475784,7.078832449475784,,,,,,,,228.7561,50.697296,9.199741,23.192383,,,,75.12195594722537,Technology,Computer Hardware,United States,6000,2021-Q1
PSTG,PURE STORAGE-A,2021-04-01 00:00:00-04:00,2021,2,4,20.219999313354492,22.110000610351562,22.6299991607666,19.969999313354492,60645900,328636590,6645031624.143162,6.6450316241431615,,,,,,,,228.7561,50.697296,9.199741,23.192383,,,,40.4166656180664,Technology,Computer Hardware,United States,6000,2021-Q2
PSTG,PURE STORAGE-A,2021-05-01 00:00:00-04:00,2021,2,5,19.049999237060547,20.299999237060547,20.3700008392334,16.790000915527344,106337700,328636590,6260526788.77018,6.260526788770179,,,,,,,,228.7561,50.697296,9.199741,23.192383,,,,8.177163979554436,Technology,Computer Hardware,United States,6000,2021-Q2
PSTG,PURE STORAGE-A,2021-06-01 00:00:00-04:00,2021,2,6,19.530000686645508,19.1299991607666,20.327999114990234,18.489999771118164,82630900,328636590,6418272828.356838,6.418272828356838,,,,,,,,228.7561,50.697296,9.199741,23.192383,,,,12.694753448498442,Technology,Computer Hardware,United States,6000,2021-Q2
PSTG,PURE STORAGE-A,2021-07-01 00:00:00-04:00,2021,3,7,19.520000457763672,19.559999465942383,20.40999984741211,17.399999618530273,103918500,328636590,6414986387.237892,6.414986387237892,,,,,,,,228.7561,50.697296,9.199741,23.192383,,,,9.294511705951347,Technology,Computer Hardware,United States,6000,2021-Q3
PSTG,PURE STORAGE-A,2021-08-01 00:00:00-04:00,2021,3,8,25.829999923706055,19.649999618530273,26.094999313354492,18.75,95350900,328636590,8488683094.627018,8.488683094627017,,,,,,,,228.7561,50.697296,9.199741,23.192383,,,,69.26605200712193,Technology,Computer Hardware,United States,6000,2021-Q3
PSTG,PURE STORAGE-A,2021-09-01 00:00:00-04:00,2021,3,9,25.15999984741211,25.860000610351562,27.479999542236328,25.100000381469727,75885800,328636590,8268496554.254036,8.268496554254035,,,,,,,,228.7561,50.697296,9.199741,23.192383,,,,63.48277638816464,Technology,Computer Hardware,United States,6000,2021-Q3
PSTG,PURE STORAGE-A,2021-10-01 00:00:00-04:00,2021,4,10,26.860000610351562,25.18000030517578,27.2450008392334,24.6299991607666,61299300,328636590,8827179007.983856,8.827179007983856,,,,,,,,228.7561,50.697296,9.199741,23.192383,,,,66.83229797476304,Technology,Computer Hardware,United States,6000,2021-Q4
PSTG,PURE STORAGE-A,2021-11-01 00:00:00-04:00,2021,4,11,30.969999313354492,26.850000381469727,32.55799865722656,26.530000686645508,93308700,328636590,10177874966.643162,10.177874966643161,,,,,,,,228.7561,50.697296,9.199741,23.192383,,,,69.51285461076205,Technology,Computer Hardware,United States,6000,2021-Q4
PSTG,PURE STORAGE-A,2021-12-01 00:00:00-05:00,2021,4,12,32.54999923706055,31.549999237060547,35.09000015258789,30.100000381469727,79589100,328636590,10697120753.77018,10.69712075377018,,,,,,,,228.7561,50.697296,9.199741,23.192383,,,,43.96284103662582,Technology,Computer Hardware,United States,6000,2021-Q4
PSTG,PURE STORAGE-A,2022-01-01 00:00:00-05:00,2022,1,1,26.489999771118164,32.61000061035156,32.77000045776367,23.239999771118164,84549300,328636590,8705583193.881054,8.705583193881054,,,,,,,,228.7561,50.697296,9.199741,23.192383,,,,14.526592011515671,Technology,Computer Hardware,United States,6000,2022-Q1
PSTG,PURE STORAGE-A,2022-02-01 00:00:00-05:00,2022,1,2,25.940000534057617,26.719999313354492,28.1200008392334,23.34000015258789,49719700,328636590,8524833320.110874,8.524833320110874,,,,,,,,228.7561,50.697296,9.199741,23.192383,,,,10.949535779226593,Technology,Computer Hardware,United States,6000,2022-Q1
PSTG,PURE STORAGE-A,2022-03-01 00:00:00-05:00,2022,1,3,35.310001373291016,25.709999084472656,36.70899963378906,25.360000610351562,110040200,328636590,11604158444.213676,11.604158444213676,,,,,,,,228.7561,50.697296,9.199741,23.192383,,,,63.927576009699315,Technology,Computer Hardware,United States,6000,2022-Q1
PSTG,PURE STORAGE-A,2022-04-01 00:00:00-04:00,2022,2,4,29.299999237060547,35.2599983215332,35.9900016784668,29.290000915527344,66999200,328636590,9629051836.27018,9.629051836270179,,,,,,,,228.7561,50.697296,9.199741,23.192383,,,,44.9060347777019,Technology,Computer Hardware,United States,6000,2022-Q2
PSTG,PURE STORAGE-A,2022-05-01 00:00:00-04:00,2022,2,5,23.729999542236328,29.299999237060547,30.040000915527344,21.895000457763672,84739400,328636590,7798546130.262108,7.798546130262108,,,,,,,,228.7561,50.697296,9.199741,23.192383,,,,24.566931719719665,Technology,Computer Hardware,United States,6000,2022-Q2
PSTG,PURE STORAGE-A,2022-06-01 00:00:00-04:00,2022,2,6,25.709999084472656,23.899999618530273,29.170000076293945,23.520000457763672,101685800,328636590,8449246428.024216,8.449246428024216,,,,,,,,228.7561,50.697296,9.199741,23.192383,,,,31.643615875820185,Technology,Computer Hardware,United States,6000,2022-Q2
PSTG,PURE STORAGE-A,2022-07-01 00:00:00-04:00,2022,3,7,28.350000381469727,25.540000915527344,28.524999618530273,24.229999542236328,51711400,328636590,9316847451.86491,9.316847451864911,,,,,,,,228.7561,50.697296,9.199741,23.192383,,,,45.23565428603311,Technology,Computer Hardware,United States,6000,2022-Q3
PSTG,PURE STORAGE-A,2022-08-01 00:00:00-04:00,2022,3,8,28.969999313354492,28.309999465942383,31.520000457763672,27.770000457763672,61292900,328636590,9520601786.643162,9.520601786643162,,,,,,,,228.7561,50.697296,9.199741,23.192383,,,,12.156404951308698,Technology,Computer Hardware,United States,6000,2022-Q3
PSTG,PURE STORAGE-A,2022-09-01 00:00:00-04:00,2022,3,9,27.3700008392334,30.0,30.8799991607666,25.75,92683200,328636590,8994783744.102802,8.994783744102802,,,,,,,,228.7561,50.697296,9.199741,23.192383,,,,8.783787779110842,Technology,Computer Hardware,United States,6000,2022-Q3
PSTG,PURE STORAGE-A,2022-10-01 00:00:00-04:00,2022,4,10,30.860000610351562,27.610000610351562,31.3799991607666,25.5,65703100,328636590,10141725367.983856,10.141725367983856,,,,,,,,228.7561,50.697296,9.199741,23.192383,,,,14.892032424073886,Technology,Computer Hardware,United States,6000,2022-Q4
PSTG,PURE STORAGE-A,2022-11-01 00:00:00-04:00,2022,4,11,29.190000534057617,31.399999618530273,32.448001861572266,27.329999923706055,82236100,328636590,9592902237.610874,9.592902237610874,,,,,,,,228.7561,50.697296,9.199741,23.192383,,,,-5.7474937641646235,Technology,Computer Hardware,United States,6000,2022-Q4
PSTG,PURE STORAGE-A,2022-12-01 00:00:00-05:00,2022,4,12,26.760000228881836,30.450000762939453,31.229999542236328,26.1299991607666,83642800,328636590,8794315223.618946,8.794315223618947,,,,,,,,228.7561,50.697296,9.199741,23.192383,,,,-17.78801580304301,Technology,Computer Hardware,United States,6000,2022-Q4
PSTG,PURE STORAGE-A,2023-01-01 00:00:00-05:00,2023,1,1,28.940000534057617,26.989999771118164,29.114999771118164,25.584999084472656,87595800,328636590,9510743090.110874,9.510743090110875,,,,,,,,228.7561,50.697296,9.199741,23.192383,,,,9.24877608194874,Technology,Computer Hardware,United States,6000,2023-Q1
PSTG,PURE STORAGE-A,2023-02-01 00:00:00-05:00,2023,1,2,28.540000915527344,29.020000457763672,32.18000030517578,27.969999313354492,95785100,328636590,9379288579.475784,9.379288579475784,,,,,,,,228.7561,50.697296,9.199741,23.192383,,,,10.023131564920696,Technology,Computer Hardware,United States,6000,2023-Q1
PSTG,PURE STORAGE-A,2023-03-01 00:00:00-05:00,2023,1,3,25.510000228881836,28.690000534057617,29.209999084472656,22.94499969482422,156033300,328636590,8383519486.118946,8.383519486118946,,,,,,,,228.7561,50.697296,9.199741,23.192383,,,,-27.754179448494842,Technology,Computer Hardware,United States,6000,2023-Q1
PSTG,PURE STORAGE-A,2023-04-01 00:00:00-04:00,2023,2,4,22.829999923706055,25.450000762939453,26.530000686645508,22.170000076293945,87384200,328636590,7502773324.627018,7.502773324627018,,,,,,,,228.7561,50.697296,9.199741,23.192383,,,,-22.081909494287,Technology,Computer Hardware,United States,6000,2023-Q2
PSTG,PURE STORAGE-A,2023-05-01 00:00:00-04:00,2023,2,5,28.790000915527344,22.90999984741211,29.65999984741211,22.139999389648438,99140900,328636590,9461447726.975784,9.461447726975784,,,,,,,,228.7561,50.697296,9.199741,23.192383,,,,21.32322575179517,Technology,Computer Hardware,United States,6000,2023-Q2
PSTG,PURE STORAGE-A,2023-06-01 00:00:00-04:00,2023,2,6,36.81999969482422,31.010000228881836,38.36000061035156,30.969999313354492,114302500,328636590,12100399143.508072,12.100399143508072,,,,,,,,228.7561,50.697296,9.199741,23.192383,,,,43.21276159461771,Technology,Computer Hardware,United States,6000,2023-Q2
PSTG,PURE STORAGE-A,2023-07-01 00:00:00-04:00,2023,3,7,36.9900016784668,36.77000045776367,39.189998626708984,36.310001373291016,64217000,328636590,12156268015.705605,12.156268015705605,,,,,,,,228.7561,50.697296,9.199741,23.192383,,,,30.476194641056843,Technology,Computer Hardware,United States,6000,2023-Q3
PSTG,PURE STORAGE-A,2023-08-01 00:00:00-04:00,2023,3,8,36.59000015258789,36.58000183105469,38.4900016784668,34.0099983215332,77728500,328636590,12024812878.245964,12.024812878245964,,,,,,,,228.7561,50.697296,9.199741,23.192383,,,,26.30307566393608,Technology,Computer Hardware,United States,6000,2023-Q3
PSTG,PURE STORAGE-A,2023-09-01 00:00:00-04:00,2023,3,9,35.619998931884766,37.369998931884766,40.5,33.32500076293945,71073100,328636590,11706034984.778252,11.70603498477825,,,,,,,,228.7561,50.697296,9.199741,23.192383,,,,30.142483886319237,Technology,Computer Hardware,United States,6000,2023-Q3
PSTG,PURE STORAGE-A,2023-10-01 00:00:00-04:00,2023,4,10,33.810001373291016,35.619998931884766,36.9900016784668,32.04499816894531,42661900,328636590,11111203559.213676,11.111203559213676,,,,,,,,228.7561,50.697296,9.199741,23.192383,,,,9.559302348004216,Technology,Computer Hardware,United States,6000,2023-Q4
PSTG,PURE STORAGE-A,2023-11-01 00:00:00-04:00,2023,4,11,33.310001373291016,33.68000030517578,38.279998779296875,31.0,72430600,328636590,10946885264.213676,10.946885264213677,,,,,,,,228.7561,50.697296,9.199741,23.192383,,,,14.114425364351613,Technology,Computer Hardware,United States,6000,2023-Q4
PSTG,PURE STORAGE-A,2023-12-01 00:00:00-05:00,2023,4,12,35.65999984741211,33.209999084472656,37.70000076293945,31.790000915527344,73622100,328636590,11719180749.254036,11.719180749254036,,,,,,,,228.7561,50.697296,9.199741,23.192383,,,,33.25859320780042,Technology,Computer Hardware,United States,6000,2023-Q4
PSTG,PURE STORAGE-A,2024-01-01 00:00:00-05:00,2024,1,1,39.9900016784668,35.279998779296875,42.47999954223633,34.31999969482422,143439400,328636590,13142177785.705605,13.142177785705604,,,,,,,,228.7561,50.697296,9.199741,23.192383,,,,38.18244969071492,Technology,Computer Hardware,United States,6000,2024-Q1
PSTG,PURE STORAGE-A,2024-02-01 00:00:00-05:00,2024,1,2,52.650001525878906,40.369998931884766,52.7599983215332,38.779998779296875,79993200,328636590,17302716964.95964,17.30271696495964,,,,,,,,228.7561,50.697296,9.199741,23.192383,,,,84.47792514692733,Technology,Computer Hardware,United States,6000,2024-Q1
PSTG,PURE STORAGE-A,2024-03-01 00:00:00-05:00,2024,1,3,51.9900016784668,52.220001220703125,58.459999084472656,48.88999938964844,85603200,328636590,17085816865.705605,17.085816865705606,,,,,,,,228.7561,50.697296,9.199741,23.192383,,,,103.80243517052152,Technology,Computer Hardware,United States,6000,2024-Q1
PSTG,PURE STORAGE-A,2024-04-01 00:00:00-04:00,2024,2,4,50.400001525878906,52.0,55.09000015258789,48.58000183105469,64163600,328636590,16563284637.45964,16.563284637459642,,,,,,,,228.7561,50.697296,9.199741,23.192383,,,,120.76216248053906,Technology,Computer Hardware,United States,6000,2024-Q2
PSTG,PURE STORAGE-A,2024-05-01 00:00:00-04:00,2024,2,5,60.290000915527344,50.33000183105469,68.75,49.45000076293945,90349500,328636590,19813500311.975784,19.813500311975783,,,,,,,,228.7561,50.697296,9.199741,23.192383,,,,109.41298714239038,Technology,Computer Hardware,United States,6000,2024-Q2
PSTG,PURE STORAGE-A,2024-06-01 00:00:00-04:00,2024,2,6,64.20999908447266,61.529998779296875,70.41000366210938,58.95000076293945,70504600,328636590,21101755143.024216,21.101755143024217,,,,,,,,228.7561,50.697296,9.199741,23.192383,,,,74.38891802462086,Technology,Computer Hardware,United States,6000,2024-Q2
PSTG,PURE STORAGE-A,2024-07-01 00:00:00-04:00,2024,3,7,59.93000030517578,64.30000305175781,68.33999633789062,55.28799819946289,59003000,328636590,19695190938.99193,19.695190938991928,763771000.0,763.771,540080000.0,35674000.0,24878000.0,82228000.0,6.446693753426069,228.7561,50.697296,9.199741,23.192383,,,,62.01675476014692,Technology,Computer Hardware,United States,6000,2024-Q3
PSTG,PURE STORAGE-A,2024-08-01 00:00:00-04:00,2024,3,8,51.290000915527344,59.380001068115234,63.099998474121094,49.790000915527344,65156700,328636590,16855771001.975784,16.855771001975786,763771000.0,763.771,540080000.0,35674000.0,24878000.0,82228000.0,5.517285613742792,228.7561,50.697296,9.199741,23.192383,,0.0,,40.17491309548347,Technology,Computer Hardware,United States,6000,2024-Q3
PSTG,PURE STORAGE-A,2024-09-01 00:00:00-04:00,2024,3,9,50.2400016784668,50.7599983215332,51.58000183105469,44.7599983215332,69420700,328636590,16510702833.205605,16.510702833205606,763771000.0,763.771,540080000.0,35674000.0,24878000.0,82228000.0,5.404336781969204,228.7561,50.697296,9.199741,23.192383,,0.0,,41.04436604430981,Technology,Computer Hardware,United States,6000,2024-Q3
PSTG,PURE STORAGE-A,2024-10-01 00:00:00-04:00,2024,4,10,50.04999923706055,50.04999923706055,57.959999084472656,48.5099983215332,53678500,328636590,16448261078.77018,16.44826107877018,831072000.0,831.072,582922000.0,63639000.0,59687000.0,106470000.0,4.947904958526512,228.7561,50.697296,9.199741,23.192383,,8.811672608674591,,48.03311802465258,Technology,Computer Hardware,United States,6000,2024-Q4
PSTG,PURE STORAGE-A,2024-11-01 00:00:00-04:00,2024,4,11,52.9900016784668,50.34000015258789,54.79600143432617,45.150001525878906,55622500,328636590,17414453455.705605,17.414453455705605,831072000.0,831.072,582922000.0,63639000.0,59687000.0,106470000.0,5.238551369708523,228.7561,50.697296,9.199741,23.192383,,0.0,8.811672608674591,59.08135543025168,Technology,Computer Hardware,United States,6000,2024-Q4
PSTG,PURE STORAGE-A,2024-12-01 00:00:00-05:00,2024,4,12,61.43000030517578,53.20000076293945,67.94999694824219,52.560001373291016,79294400,328636590,20188145823.99193,20.188145823991928,831072000.0,831.072,582922000.0,63639000.0,59687000.0,106470000.0,6.072923231679063,228.7561,50.697296,9.199741,23.192383,,0.0,8.811672608674591,72.26584567591867,Technology,Computer Hardware,United States,6000,2024-Q4
PSTG,PURE STORAGE-A,2025-01-01 00:00:00-05:00,2025,1,1,67.79000091552734,61.880001068115234,73.66999816894531,60.619998931884766,50886300,328636590,22278274736.975784,22.278274736975785,879842000.0,879.842,594001000.0,42435000.0,42467000.0,85331000.0,6.330191880182972,228.7561,50.697296,9.199741,23.192383,,5.8683242847791695,15.197094417043843,69.51737451921605,Technology,Computer Hardware,United States,6000,2025-Q1
PSTG,PURE STORAGE-A,2025-02-01 00:00:00-05:00,2025,1,2,52.470001220703125,65.8499984741211,71.30000305175781,50.9010009765625,50563200,328636590,17243562278.467712,17.243562278467714,879842000.0,879.842,594001000.0,42435000.0,42467000.0,85331000.0,4.899618987973896,228.7561,50.697296,9.199741,23.192383,,0.0,5.8683242847791695,-0.34188091160320955,Technology,Computer Hardware,United States,6000,2025-Q1
PSTG,PURE STORAGE-A,2025-03-01 00:00:00-05:00,2025,1,3,44.27000045776367,52.77000045776367,53.45000076293945,43.70000076293945,67503400,328636590,14548741989.737892,14.548741989737891,879842000.0,879.842,594001000.0,42435000.0,42467000.0,85331000.0,4.133907562306042,228.7561,50.697296,9.199741,23.192383,,0.0,5.8683242847791695,-14.849011293455284,Technology,Computer Hardware,United States,6000,2025-Q1
PSTG,PURE STORAGE-A,2025-04-01 00:00:00-04:00,2025,2,4,45.36000061035156,44.72999954223633,46.48500061035156,34.5099983215332,63897900,328636590,14906955922.983856,14.906955922983856,778485000.0,778.485,536153000.0,-13995000.0,-31171000.0,36061000.0,4.787168642614776,228.7561,50.697296,9.199741,23.192383,,-11.51990925643468,-6.327610604135381,-10.000001513768709,Technology,Computer Hardware,United States,6000,2025-Q2
PSTG,PURE STORAGE-A,2025-05-01 00:00:00-04:00,2025,2,5,53.59000015258789,46.880001068115234,57.154998779296875,46.2599983215332,63687000,328636590,17611634908.245964,17.611634908245964,778485000.0,778.485,536153000.0,-13995000.0,-31171000.0,36061000.0,5.655739965524694,228.7561,50.697296,9.199741,23.192383,,0.0,-11.51990925643468,-11.112955152093729,Technology,Computer Hardware,United States,6000,2025-Q2
PSTG,PURE STORAGE-A,2025-06-01 00:00:00-04:00,2025,2,6,57.58000183105469,53.22999954223633,57.9900016784668,50.20000076293945,54601300,328636590,18922895453.95157,18.92289545395157,778485000.0,778.485,536153000.0,-13995000.0,-31171000.0,36061000.0,6.076833675007087,228.7561,50.697296,9.199741,23.192383,,0.0,-11.51990925643468,-10.325490340991516,Technology,Computer Hardware,United States,6000,2025-Q2
PSTG,PURE STORAGE-A,2025-07-01 00:00:00-04:00,2025,3,7,59.52000045776367,57.279998779296875,61.65999984741211,53.42599868774414,46917200,328636590,19560449987.237892,19.56044998723789,861002000.0,861.002,604336000.0,47118000.0,4871000.0,87549000.0,5.679559974087717,228.7561,50.697296,9.199741,23.192383,,10.59969042434985,-2.141293550432921,-0.6841312286405943,Technology,Computer Hardware,United States,6000,2025-Q3
PSTG,PURE STORAGE-A,2025-08-01 00:00:00-04:00,2025,3,8,77.61000061035156,57.5,80.68000030517578,54.369998931884766,73556800,328636590,25505485950.483856,25.505485950483855,861002000.0,861.002,604336000.0,47118000.0,4871000.0,87549000.0,7.405756882819046,228.7561,50.697296,9.199741,23.192383,,0.0,10.59969042434985,51.31604450187521,Technology,Computer Hardware,United States,6000,2025-Q3
PSTG,PURE STORAGE-A,2025-09-01 00:00:00-04:00,2025,3,9,83.80999755859375,76.0,89.09500122070312,74.5,67847600,328636590,27543031805.564575,27.543031805564574,861002000.0,861.002,604336000.0,47118000.0,4871000.0,87549000.0,7.997377417696061,228.7561,50.697296,9.199741,23.192383,,0.0,10.59969042434985,66.81925708317658,Technology,Computer Hardware,United States,6000,2025-Q3
PSTG,PURE STORAGE-A,2025-10-01 00:00:00-04:00,2025,4,10,93.79000091552734,83.0199966430664,96.08000183105469,82.04000091552734,50635192,328636590,30822826076.975784,30.822826076975783,,,,,,,,228.7561,50.697296,9.199741,23.192383,,0.0,10.59969042434985,87.39261207836067,Technology,Computer Hardware,United States,6000,2025-Q4
