ticker,company_name,date,year,quarter,month,close_price,open_price,high_price,low_price,volume,shares_outstanding,market_cap,market_cap_billions,revenue,revenue_millions,gross_profit,net_income,operating_income,ebitda,ps_ratio,current_pe,forward_pe,current_ps,current_pb,peg_ratio,revenue_qoq_pct,revenue_yoy_pct,market_cap_yoy_pct,user_dau_millions,sector,industry,country,employees,year_quarter
QCOM,QUALCOMM INC,2015-01-01 00:00:00-05:00,2015,1,1,45.92222595214844,54.78170355346119,55.36253290147617,45.87076034456891,275059800,1079000000,49550081802.368164,49.55008180236816,,,,,,,,16.306952,13.813574,4.2140293,6.730409,,,,,,Technology,Semiconductors,United States,49000,2015-Q1
QCOM,QUALCOMM INC,2015-02-01 00:00:00-05:00,2015,1,2,53.31122970581055,45.94426611018741,53.35534146327498,45.775161691026625,243792600,1079000000,57522816852.56958,57.52281685256958,,,,,,,,16.306952,13.813574,4.2140293,6.730409,,,,,,Technology,Semiconductors,United States,49000,2015-Q1
QCOM,QUALCOMM INC,2015-03-01 00:00:00-05:00,2015,1,3,50.98056411743164,52.789224870664,54.47288734135823,48.28964008700443,278695100,1079000000,55008028682.70874,55.00802868270874,,,,,,,,16.306952,13.813574,4.2140293,6.730409,,,,,,Technology,Semiconductors,United States,49000,2015-Q1
QCOM,QUALCOMM INC,2015-04-01 00:00:00-04:00,2015,2,4,50.28664779663086,50.63421817677034,53.17073607807491,48.94074068422496,265601600,1079000000,54259292972.5647,54.259292972564694,,,,,,,,16.306952,13.813574,4.2140293,6.730409,,,,,,Technology,Semiconductors,United States,49000,2015-Q2
QCOM,QUALCOMM INC,2015-05-01 00:00:00-04:00,2015,2,5,51.52901840209961,50.5158884303664,52.74181344168788,49.91688758479188,216503600,1079000000,55599810855.86548,55.59981085586548,,,,,,,,16.306952,13.813574,4.2140293,6.730409,,,,,,Technology,Semiconductors,United States,49000,2015-Q2
QCOM,QUALCOMM INC,2015-06-01 00:00:00-04:00,2015,2,6,46.315486907958984,51.403313731568275,51.802649591489335,46.18237495465197,251772700,1079000000,49974410373.687744,49.974410373687746,,,,,,,,16.306952,13.813574,4.2140293,6.730409,,,,,,Technology,Semiconductors,United States,49000,2015-Q2
QCOM,QUALCOMM INC,2015-07-01 00:00:00-04:00,2015,3,7,47.94731140136719,46.986726276485484,49.18341503964993,45.29639801189692,305330200,1079000000,51735149002.075195,51.7351490020752,,,,,,,,16.306952,13.813574,4.2140293,6.730409,,,,,,Technology,Semiconductors,United States,49000,2015-Q3
QCOM,QUALCOMM INC,2015-08-01 00:00:00-04:00,2015,3,8,42.13169860839844,47.91754424572155,48.26752567264641,39.160586153044996,304479200,1079000000,45460102798.461914,45.46010279846191,,,,,,,,16.306952,13.813574,4.2140293,6.730409,,,,,,Technology,Semiconductors,United States,49000,2015-Q3
QCOM,QUALCOMM INC,2015-09-01 00:00:00-04:00,2015,3,9,40.346553802490234,41.48794186821623,42.62181920006915,39.17512853028327,244619500,1079000000,43533931552.88696,43.53393155288696,,,,,,,,16.306952,13.813574,4.2140293,6.730409,,,,,,Technology,Semiconductors,United States,49000,2015-Q3
QCOM,QUALCOMM INC,2015-10-01 00:00:00-04:00,2015,4,10,44.6192512512207,40.24893760821039,45.94836766948758,39.798390932139476,206115300,1079000000,48144172100.06714,48.14417210006714,,,,,,,,16.306952,13.813574,4.2140293,6.730409,,,,,,Technology,Semiconductors,United States,49000,2015-Q4
QCOM,QUALCOMM INC,2015-11-01 00:00:00-04:00,2015,4,11,36.63703155517578,44.829489050076,45.94083950945469,35.683372076326144,338781400,1079000000,39531357048.03467,39.53135704803467,,,,,,,,16.306952,13.813574,4.2140293,6.730409,,,,,,Technology,Semiconductors,United States,49000,2015-Q4
QCOM,QUALCOMM INC,2015-12-01 00:00:00-05:00,2015,4,12,37.90872573852539,36.96840003406443,40.524948657477566,34.82992050967056,350968200,1079000000,40903515071.8689,40.903515071868895,,,,,,,,16.306952,13.813574,4.2140293,6.730409,,,,,,Technology,Semiconductors,United States,49000,2015-Q4
QCOM,QUALCOMM INC,2016-01-01 00:00:00-05:00,2016,1,1,34.382530212402344,37.48408630728156,38.371327093713745,32.964460195721536,292170300,1079000000,37098750099.18213,37.098750099182126,,,,,,,,16.306952,13.813574,4.2140293,6.730409,,,,-25.128781326433536,,Technology,Semiconductors,United States,49000,2016-Q1
QCOM,QUALCOMM INC,2016-02-01 00:00:00-05:00,2016,1,2,38.51540756225586,33.90478058290603,39.432982026685,32.031715903733186,255057600,1079000000,41558124759.67407,41.55812475967407,,,,,,,,16.306952,13.813574,4.2140293,6.730409,,,,-27.75366883338286,,Technology,Semiconductors,United States,49000,2016-Q1
QCOM,QUALCOMM INC,2016-03-01 00:00:00-05:00,2016,1,3,39.144805908203125,39.09888113671019,40.966563455809684,38.01960228763184,259198400,1079000000,42237245574.95117,42.237245574951174,,,,,,,,16.306952,13.813574,4.2140293,6.730409,,,,-23.216216638884834,,Technology,Semiconductors,United States,49000,2016-Q1
QCOM,QUALCOMM INC,2016-04-01 00:00:00-04:00,2016,2,4,38.67023849487305,39.09888826657534,40.782863046972324,38.06553692049063,190898700,1079000000,41725187335.96802,41.725187335968016,,,,,,,,16.306952,13.813574,4.2140293,6.730409,,,,-23.100385113632683,,Technology,Semiconductors,United States,49000,2016-Q2
QCOM,QUALCOMM INC,2016-05-01 00:00:00-04:00,2016,2,5,42.0381965637207,38.80036775546103,43.0715480471683,38.37172084671661,196181900,1079000000,45359214092.25464,45.35921409225464,,,,,,,,16.306952,13.813574,4.2140293,6.730409,,,,-18.418402159960788,,Technology,Semiconductors,United States,49000,2016-Q2
QCOM,QUALCOMM INC,2016-06-01 00:00:00-04:00,2016,2,6,41.39846420288086,42.117160946614604,42.944048090830016,39.28874254958633,210703100,1079000000,44668942874.90845,44.668942874908446,,,,,,,,16.306952,13.813574,4.2140293,6.730409,,,,-10.616368375549069,,Technology,Semiconductors,United States,49000,2016-Q2
QCOM,QUALCOMM INC,2016-07-01 00:00:00-04:00,2016,3,7,48.361331939697266,40.95025544383655,48.54680039631238,39.53604445929848,205890700,1079000000,52181877162.93335,52.18187716293335,,,,,,,,16.306952,13.813574,4.2140293,6.730409,,,,0.8634906238314644,,Technology,Semiconductors,United States,49000,2016-Q3
QCOM,QUALCOMM INC,2016-08-01 00:00:00-04:00,2016,3,8,48.739990234375,48.19903525554496,49.21912043941076,46.38297527086642,160486600,1079000000,52590449462.890625,52.590449462890625,,,,,,,,16.306952,13.813574,4.2140293,6.730409,,,,15.68484500802747,,Technology,Semiconductors,United States,49000,2016-Q3
QCOM,QUALCOMM INC,2016-09-01 00:00:00-04:00,2016,3,9,53.38559341430664,48.99784234942325,54.86636288798742,46.70654933739251,221603700,1079000000,57603055294.036865,57.603055294036864,,,,,,,,16.306952,13.813574,4.2140293,6.730409,,,,32.31760431298998,,Technology,Semiconductors,United States,49000,2016-Q3
QCOM,QUALCOMM INC,2016-10-01 00:00:00-04:00,2016,4,10,53.55705261230469,53.05826797356231,55.817173851220915,50.112319342870784,218422000,1079000000,57788059768.67676,57.78805976867676,,,,,,,,16.306952,13.813574,4.2140293,6.730409,,,,20.03126702140583,,Technology,Semiconductors,United States,49000,2016-Q4
QCOM,QUALCOMM INC,2016-11-01 00:00:00-04:00,2016,4,11,53.097225189208984,53.77526325779527,54.0480351430951,50.12789733812295,202069400,1079000000,57291905979.156494,57.291905979156496,,,,,,,,16.306952,13.813574,4.2140293,6.730409,,,,44.92774915250426,,Technology,Semiconductors,United States,49000,2016-Q4
QCOM,QUALCOMM INC,2016-12-01 00:00:00-05:00,2016,4,12,51.211181640625,53.19051296842543,55.16983830373618,50.09584747554919,157341000,1079000000,55256864990.234375,55.25686499023438,,,,,,,,16.306952,13.813574,4.2140293,6.730409,,,,35.09074927459448,,Technology,Semiconductors,United States,49000,2016-Q4
QCOM,QUALCOMM INC,2017-01-01 00:00:00-05:00,2017,1,1,41.96645736694336,51.729569380770556,52.68781622568582,41.49519009685886,382359000,1079000000,45281807498.931885,45.28180749893188,,,,,,,,16.306952,13.813574,4.2140293,6.730409,,,,22.057501608201502,,Technology,Semiconductors,United States,49000,2017-Q1
QCOM,QUALCOMM INC,2017-02-01 00:00:00-05:00,2017,1,2,44.36207962036133,42.1314083400486,45.01400255968003,41.13388953902461,213744100,1079000000,47866683910.36987,47.86668391036987,,,,,,,,16.306952,13.813574,4.2140293,6.730409,,,,15.180086173708474,,Technology,Semiconductors,United States,49000,2017-Q1
QCOM,QUALCOMM INC,2017-03-01 00:00:00-05:00,2017,1,3,45.458621978759766,45.1335778904225,46.80636686610574,44.39628224688196,195223400,1079000000,49049853115.08179,49.04985311508179,,,,,,,,16.306952,13.813574,4.2140293,6.730409,,,,16.12938402444224,,Technology,Semiconductors,United States,49000,2017-Q1
QCOM,QUALCOMM INC,2017-04-01 00:00:00-04:00,2017,2,4,42.604576110839844,45.39519688131731,45.609250746100926,40.47196706406418,246460200,1079000000,45970337623.59619,45.970337623596194,,,,,,,,16.306952,13.813574,4.2140293,6.730409,,,,10.174071247293748,,Technology,Semiconductors,United States,49000,2017-Q2
QCOM,QUALCOMM INC,2017-05-01 00:00:00-04:00,2017,2,5,45.403133392333984,42.53323129576102,47.480244620574084,41.93863814451137,261377900,1079000000,48989980930.32837,48.98998093032837,,,,,,,,16.306952,13.813574,4.2140293,6.730409,,,,8.00447474837027,,Technology,Semiconductors,United States,49000,2017-Q2
QCOM,QUALCOMM INC,2017-06-01 00:00:00-04:00,2017,2,6,44.20903778076172,45.99437156986793,47.27532758993156,43.67263534770754,194828100,1079000000,47701551765.441895,47.70155176544189,,,,,,,,16.306952,13.813574,4.2140293,6.730409,,,,6.789076918668102,,Technology,Semiconductors,United States,49000,2017-Q2
QCOM,QUALCOMM INC,2017-07-01 00:00:00-04:00,2017,3,7,42.583805084228516,44.457204463201826,45.5860474829653,41.81523176312123,175178800,1079000000,45947925685.88257,45.947925685882566,,,,,,,,16.306952,13.813574,4.2140293,6.730409,,,,-11.946583404015565,,Technology,Semiconductors,United States,49000,2017-Q3
QCOM,QUALCOMM INC,2017-08-01 00:00:00-04:00,2017,3,8,41.84726333618164,42.67187840745968,43.31235628097852,41.05466986804999,180627700,1079000000,45153197139.73999,45.15319713973999,,,,,,,,16.306952,13.813574,4.2140293,6.730409,,,,-14.141830691898882,,Technology,Semiconductors,United States,49000,2017-Q3
QCOM,QUALCOMM INC,2017-09-01 00:00:00-04:00,2017,3,9,41.96271896362305,42.521249410626325,42.71552261577016,39.59907655906765,168220900,1079000000,45277773761.74927,45.277773761749266,,,,,,,,16.306952,13.813574,4.2140293,6.730409,,,,-21.396923252373945,,Technology,Semiconductors,United States,49000,2017-Q3
QCOM,QUALCOMM INC,2017-10-01 00:00:00-04:00,2017,4,10,41.290855407714844,42.16508008745418,44.33444900991759,40.489485872487904,176751700,1079000000,44552832984.92432,44.552832984924315,,,,,,,,16.306952,13.813574,4.2140293,6.730409,,,,-22.903047509697526,,Technology,Semiconductors,United States,49000,2017-Q4
QCOM,QUALCOMM INC,2017-11-01 00:00:00-04:00,2017,4,11,53.699974060058594,41.66321801323791,56.07980619082781,40.88612826905953,434567900,1079000000,57942272010.80322,57.94227201080322,,,,,,,,16.306952,13.813574,4.2140293,6.730409,,,,1.1351796043988172,,Technology,Semiconductors,United States,49000,2017-Q4
QCOM,QUALCOMM INC,2017-12-01 00:00:00-05:00,2017,4,12,52.2591667175293,53.22239439494898,53.973390004408174,52.079584060223276,169187300,1079000000,56387640888.21411,56.38764088821411,,,,,,,,16.306952,13.813574,4.2140293,6.730409,,,,2.0463989373620484,,Technology,Semiconductors,United States,49000,2017-Q4
QCOM,QUALCOMM INC,2018-01-01 00:00:00-05:00,2018,1,1,55.71208953857422,52.55302815348841,56.242682113079354,52.38160708686337,181601100,1079000000,60113344612.12158,60.11334461212158,,,,,,,,16.306952,13.813574,4.2140293,6.730409,,,,32.753853992112724,,Technology,Semiconductors,United States,49000,2018-Q1
QCOM,QUALCOMM INC,2018-02-01 00:00:00-05:00,2018,1,2,53.05913543701172,54.691724219689,55.79372040242977,49.38581067598783,311057400,1079000000,57250807136.535645,57.25080713653564,,,,,,,,16.306952,13.813574,4.2140293,6.730409,,,,19.60470719830414,,Technology,Semiconductors,United States,49000,2018-Q1
QCOM,QUALCOMM INC,2018-03-01 00:00:00-05:00,2018,1,3,45.61909484863281,53.53924725660821,54.5354404194547,44.1700868972782,320661200,1079000000,49223003341.674805,49.223003341674804,,,,,,,,16.306952,13.813574,4.2140293,6.730409,,,,0.3530086546574829,,Technology,Semiconductors,United States,49000,2018-Q1
QCOM,QUALCOMM INC,2018-04-01 00:00:00-04:00,2018,2,4,41.99656677246094,45.36386671677448,46.75524689147601,39.97948259651921,207468300,1079000000,45314295547.48535,45.31429554748535,,,,,,,,16.306952,13.813574,4.2140293,6.730409,,,,-1.4270986684555065,,Technology,Semiconductors,United States,49000,2018-Q2
QCOM,QUALCOMM INC,2018-05-01 00:00:00-04:00,2018,2,5,47.850242614746094,41.790748097845885,49.3980490304125,40.59696442545896,237099800,1079000000,51630411781.311035,51.63041178131103,,,,,,,,16.306952,13.813574,4.2140293,6.730409,,,,5.389736433532777,,Technology,Semiconductors,United States,49000,2018-Q2
QCOM,QUALCOMM INC,2018-06-01 00:00:00-04:00,2018,2,6,46.68638610839844,48.53321141352111,52.118713766887495,45.82952720574953,188075700,1079000000,50374610610.961914,50.374610610961916,,,,,,,,16.306952,13.813574,4.2140293,6.730409,,,,5.60371465201801,,Technology,Semiconductors,United States,49000,2018-Q2
QCOM,QUALCOMM INC,2018-07-01 00:00:00-04:00,2018,3,7,53.316650390625,46.0874189697698,53.79084110621253,45.85448401477702,208751100,1079000000,57528665771.484375,57.52866577148438,,,,,,,,16.306952,13.813574,4.2140293,6.730409,,,,25.204054182493763,,Technology,Semiconductors,United States,49000,2018-Q3
QCOM,QUALCOMM INC,2018-08-01 00:00:00-04:00,2018,3,8,57.16004943847656,52.867430455641205,58.64083563525633,52.867430455641205,265339500,1079000000,61675693344.11621,61.67569334411621,,,,,,,,16.306952,13.813574,4.2140293,6.730409,,,,36.59208483785201,,Technology,Semiconductors,United States,49000,2018-Q3
QCOM,QUALCOMM INC,2018-09-01 00:00:00-04:00,2018,3,9,59.921958923339844,57.18499789239445,63.6405655327188,57.16004182337818,290784100,1079000000,64655793678.28369,64.65579367828369,,,,,,,,16.306952,13.813574,4.2140293,6.730409,,,,42.798084593339716,,Technology,Semiconductors,United States,49000,2018-Q3
QCOM,QUALCOMM INC,2018-10-01 00:00:00-04:00,2018,4,10,52.79475021362305,60.8285512684193,62.04579773411955,51.359244164864556,341624700,1079000000,56965535480.49927,56.96553548049927,,,,,,,,16.306952,13.813574,4.2140293,6.730409,,,,27.860635708115655,,Technology,Semiconductors,United States,49000,2018-Q4
QCOM,QUALCOMM INC,2018-11-01 00:00:00-04:00,2018,4,11,48.9079704284668,53.05499240377557,54.011993287307824,44.93724120767907,396206800,1079000000,52771700092.315674,52.771700092315676,,,,,,,,16.306952,13.813574,4.2140293,6.730409,,,,-8.923660980231329,,Technology,Semiconductors,United States,49000,2018-Q4
QCOM,QUALCOMM INC,2018-12-01 00:00:00-05:00,2018,4,12,47.774681091308594,50.79679986641792,50.79679986641792,44.920455312985844,308069000,1079000000,51548880897.52197,51.548880897521975,,,,,,,,16.306952,13.813574,4.2140293,6.730409,,,,-8.581242120564603,,Technology,Semiconductors,United States,49000,2018-Q4
QCOM,QUALCOMM INC,2019-01-01 00:00:00-05:00,2019,1,1,42.02224349975586,47.690833903787876,49.3625566405369,41.66583345403984,381565000,1079000000,45342000736.23657,45.34200073623657,,,,,,,,16.306952,13.813574,4.2140293,6.730409,,,,-24.57248714274074,,Technology,Semiconductors,United States,49000,2019-Q1
QCOM,QUALCOMM INC,2019-02-01 00:00:00-05:00,2019,1,2,45.30628204345703,42.073151757862775,45.7984664758206,41.920405088309835,242230300,1079000000,48885478324.89014,48.88547832489014,,,,,,,,16.306952,13.813574,4.2140293,6.730409,,,,-14.611722052573505,,Technology,Semiconductors,United States,49000,2019-Q1
QCOM,QUALCOMM INC,2019-03-01 00:00:00-05:00,2019,1,3,48.39516830444336,45.82393730277687,49.54925316926722,45.000802578311735,261437100,1079000000,52218386600.494385,52.218386600494384,,,,,,,,16.306952,13.813574,4.2140293,6.730409,,,,6.085332172902036,,Technology,Semiconductors,United States,49000,2019-Q1
QCOM,QUALCOMM INC,2019-04-01 00:00:00-04:00,2019,2,4,73.93904876708984,49.48156114839674,76.08519561269873,47.893413792550255,618272400,1079000000,79780233619.68994,79.78023361968994,,,,,,,,16.306952,13.813574,4.2140293,6.730409,,,,76.05974594945948,,Technology,Semiconductors,United States,49000,2019-Q2
QCOM,QUALCOMM INC,2019-05-01 00:00:00-04:00,2019,2,5,57.362205505371094,74.8318373496966,77.55314964016607,55.59378282000298,492653200,1079000000,61893819740.29541,61.89381974029541,,,,,,,,16.306952,13.813574,4.2140293,6.730409,,,,19.87860953435099,,Technology,Semiconductors,United States,49000,2019-Q2
QCOM,QUALCOMM INC,2019-06-01 00:00:00-04:00,2019,2,6,65.30294799804688,57.59398658628522,65.62058005031602,56.512333423568954,250977300,1079000000,70461880889.89258,70.46188088989258,,,,,,,,16.306952,13.813574,4.2140293,6.730409,,,,39.875782731230714,,Technology,Semiconductors,United States,49000,2019-Q2
QCOM,QUALCOMM INC,2019-07-01 00:00:00-04:00,2019,3,7,63.378910064697266,69.88485925290979,69.96283018049992,63.03238656188953,241910800,1079000000,68385843959.80835,68.38584395980835,,,,,,,,16.306952,13.813574,4.2140293,6.730409,,,,18.87264034846716,,Technology,Semiconductors,United States,49000,2019-Q3
QCOM,QUALCOMM INC,2019-08-01 00:00:00-04:00,2019,3,8,67.37256622314453,59.671111954711016,68.52475396015691,58.146419250808904,235386600,1079000000,72694998954.77295,72.69499895477296,,,,,,,,16.306952,13.813574,4.2140293,6.730409,,,,17.866528956837357,,Technology,Semiconductors,United States,49000,2019-Q3
QCOM,QUALCOMM INC,2019-09-01 00:00:00-04:00,2019,3,9,66.08177947998047,66.50626730506507,69.68561336874075,64.6523741480502,127860300,1079000000,71302240058.89893,71.30224005889893,,,,,,,,16.306952,13.813574,4.2140293,6.730409,,,,10.279738291802332,,Technology,Semiconductors,United States,49000,2019-Q3
QCOM,QUALCOMM INC,2019-10-01 00:00:00-04:00,2019,4,10,70.2388916015625,67.2875267411555,72.58775097842894,63.57649640492343,134509300,1079000000,75787764038.08594,75.78776403808594,,,,,,,,16.306952,13.813574,4.2140293,6.730409,,,,33.041431804024725,,Technology,Semiconductors,United States,49000,2019-Q4
QCOM,QUALCOMM INC,2019-11-01 00:00:00-04:00,2019,4,11,72.95448303222656,71.24303753459692,82.17529852676978,70.94615834659383,232426900,1079000000,78717887191.77246,78.71788719177246,,,,,,,,16.306952,13.813574,4.2140293,6.730409,,,,49.166858475410244,,Technology,Semiconductors,United States,49000,2019-Q4
QCOM,QUALCOMM INC,2019-12-01 00:00:00-05:00,2019,4,12,77.0409927368164,73.3299623993599,78.98818845382719,69.68878168759315,170341600,1079000000,83127231163.0249,83.1272311630249,,,,,,,,16.306952,13.813574,4.2140293,6.730409,,,,61.25904135199362,,Technology,Semiconductors,United States,49000,2019-Q4
QCOM,QUALCOMM INC,2020-01-01 00:00:00-05:00,2020,1,1,75.06889343261719,78.35992709617932,84.62519693545927,74.83130874376995,202806800,1079000000,80999336013.79395,80.99933601379395,,,,,,,,16.306952,13.813574,4.2140293,6.730409,,,,78.64085108414862,,Technology,Semiconductors,United States,49000,2020-Q1
QCOM,QUALCOMM INC,2020-02-01 00:00:00-05:00,2020,1,2,68.900390625,75.2800561749624,81.34293779501786,64.53581352706335,220308800,1079000000,74343521484.375,74.343521484375,,,,,,,,16.306952,13.813574,4.2140293,6.730409,,,,52.076903063711775,,Technology,Semiconductors,United States,49000,2020-Q1
QCOM,QUALCOMM INC,2020-03-01 00:00:00-05:00,2020,1,3,59.52888870239258,69.53396126131753,72.72819853824387,51.037331365291685,322085700,1079000000,64231670909.88159,64.23167090988159,,,,,,,,16.306952,13.813574,4.2140293,6.730409,,,,23.005851179004956,,Technology,Semiconductors,United States,49000,2020-Q1
QCOM,QUALCOMM INC,2020-04-01 00:00:00-04:00,2020,2,4,69.77665710449219,57.651999712164184,71.72795961644098,57.25287319015598,215838800,1079000000,75289013015.74707,75.28901301574707,,,,,,,,16.306952,13.813574,4.2140293,6.730409,,,,-5.629490414069716,,Technology,Semiconductors,United States,49000,2020-Q2
QCOM,QUALCOMM INC,2020-05-01 00:00:00-04:00,2020,2,5,71.73683166503906,68.16240839775197,72.69474353674143,65.71441364793085,198180200,1079000000,77404041366.57715,77.40404136657715,,,,,,,,16.306952,13.813574,4.2140293,6.730409,,,,25.059402847266753,,Technology,Semiconductors,United States,49000,2020-Q2
QCOM,QUALCOMM INC,2020-06-01 00:00:00-04:00,2020,2,6,80.89905548095703,70.85873871143411,81.72392278762199,70.28221738666045,222750600,1079000000,87290080863.95264,87.29008086395264,,,,,,,,16.306952,13.813574,4.2140293,6.730409,,,,23.882700492137985,,Technology,Semiconductors,United States,49000,2020-Q2
QCOM,QUALCOMM INC,2020-07-01 00:00:00-04:00,2020,3,7,94.39620971679688,81.34645581221291,96.30898151881948,78.21808982320253,200139000,1079000000,101853510284.42383,101.85351028442383,,,,,,,,16.306952,13.813574,4.2140293,6.730409,,,,48.939465226582655,,Technology,Semiconductors,United States,49000,2020-Q3
QCOM,QUALCOMM INC,2020-08-01 00:00:00-04:00,2020,3,8,106.45381164550781,95.99613500958557,108.20569557528935,93.61857386390612,206050800,1079000000,114863662765.50293,114.86366276550292,,,,,,,,16.306952,13.813574,4.2140293,6.730409,,,,58.00765447010341,,Technology,Semiconductors,United States,49000,2020-Q3
QCOM,QUALCOMM INC,2020-09-01 00:00:00-04:00,2020,3,9,105.18460083007812,108.22358623451223,110.77096855172296,96.80058260838031,179875300,1079000000,113494184295.6543,113.49418429565429,,,,,,,,16.306952,13.813574,4.2140293,6.730409,,,,59.17337828643656,,Technology,Semiconductors,United States,49000,2020-Q3
QCOM,QUALCOMM INC,2020-10-01 00:00:00-04:00,2020,4,10,110.85205078125,107.76983153572623,118.99341998094307,103.72610402237078,147892300,1079000000,119609362792.96875,119.60936279296875,,,,,,,,16.306952,13.813574,4.2140293,6.730409,,,,57.82146935072654,,Technology,Semiconductors,United States,49000,2020-Q4
QCOM,QUALCOMM INC,2020-11-01 00:00:00-04:00,2020,4,11,132.2478485107422,111.87645134497046,137.78326497651585,109.9983680228244,188777000,1079000000,142695428543.09082,142.69542854309083,,,,,,,,16.306952,13.813574,4.2140293,6.730409,,,,81.27446458954917,,Technology,Semiconductors,United States,49000,2020-Q4
QCOM,QUALCOMM INC,2020-12-01 00:00:00-05:00,2020,4,12,136.89366149902344,133.70360683334033,144.73850328433147,127.50322970640637,176235500,1079000000,147708260757.4463,147.70826075744628,,,,,,,,16.306952,13.813574,4.2140293,6.730409,,,,77.68937890854124,,Technology,Semiconductors,United States,49000,2020-Q4
QCOM,QUALCOMM INC,2021-01-01 00:00:00-05:00,2021,1,1,141.04022216796875,138.08909513520354,151.5631906849169,132.79151756980946,140845500,1079000000,152182399719.23828,152.18239971923828,,,,,,,,16.306952,13.813574,4.2140293,6.730409,,,,87.88104595489779,,Technology,Semiconductors,United States,49000,2021-Q1
QCOM,QUALCOMM INC,2021-02-01 00:00:00-05:00,2021,1,2,122.90935516357422,142.02396853814622,151.2383405105462,121.33000743113845,261880200,1079000000,132619194221.49658,132.61919422149657,,,,,,,,16.306952,13.813574,4.2140293,6.730409,,,,78.38702226308926,,Technology,Semiconductors,United States,49000,2021-Q1
QCOM,QUALCOMM INC,2021-03-01 00:00:00-05:00,2021,1,3,119.6603775024414,124.0915782564494,126.43804269907962,110.99653050670909,254633200,1079000000,129113547325.13428,129.11354732513428,,,,,,,,16.306952,13.813574,4.2140293,6.730409,,,,101.01228178585507,,Technology,Semiconductors,United States,49000,2021-Q1
QCOM,QUALCOMM INC,2021-04-01 00:00:00-04:00,2021,2,4,125.86181640625,121.96263641527518,131.75592151182093,120.12186315845112,207341500,1079000000,135804899902.34375,135.80489990234375,,,,,,,,16.306952,13.813574,4.2140293,6.730409,,,,80.37811157643876,,Technology,Semiconductors,United States,49000,2021-Q2
QCOM,QUALCOMM INC,2021-05-01 00:00:00-04:00,2021,2,5,121.99890899658203,126.67792526393751,126.73233017739197,112.15122532255694,183636500,1079000000,131636822807.31201,131.636822807312,,,,,,,,16.306952,13.813574,4.2140293,6.730409,,,,70.06453472357379,,Technology,Semiconductors,United States,49000,2021-Q2
QCOM,QUALCOMM INC,2021-06-01 00:00:00-04:00,2021,2,6,129.6068115234375,122.50669506149471,130.24157227926156,119.1697180852031,156382800,1079000000,139845749633.78906,139.84574963378907,,,,,,,,16.306952,13.813574,4.2140293,6.730409,,,,60.20806516578661,,Technology,Semiconductors,United States,49000,2021-Q2
QCOM,QUALCOMM INC,2021-07-01 00:00:00-04:00,2021,3,7,136.5295867919922,130.2499556137421,138.0972173070809,123.58753287814011,157524100,1079000000,147315424148.55957,147.31542414855957,,,,,,,,16.306952,13.813574,4.2140293,6.730409,,,,44.63460683601801,,Technology,Semiconductors,United States,49000,2021-Q3
QCOM,QUALCOMM INC,2021-08-01 00:00:00-04:00,2021,3,8,133.69512939453125,136.71190316593083,138.78992298148867,126.64991321202206,141352600,1079000000,144257044616.69922,144.25704461669923,,,,,,,,16.306952,13.813574,4.2140293,6.730409,,,,25.589800241007143,,Technology,Semiconductors,United States,49000,2021-Q3
QCOM,QUALCOMM INC,2021-09-01 00:00:00-04:00,2021,3,9,117.55398559570312,133.83181412752901,134.9802028292283,117.29879119689257,144719000,1079000000,126840750457.76367,126.84075045776368,,,,,,,,16.306952,13.813574,4.2140293,6.730409,,,,11.75969169251998,,Technology,Semiconductors,United States,49000,2021-Q3
QCOM,QUALCOMM INC,2021-10-01 00:00:00-04:00,2021,4,10,121.81903076171875,118.85231030210387,122.54240779187897,111.86584122184512,148721100,1079000000,131442734191.89453,131.44273419189454,,,,,,,,16.306952,13.813574,4.2140293,6.730409,,,,9.893348750137655,,Technology,Semiconductors,United States,49000,2021-Q4
QCOM,QUALCOMM INC,2021-11-01 00:00:00-04:00,2021,4,11,165.3310546875,121.26963658906301,172.84860612385643,121.26963658906301,323236400,1079000000,178392208007.8125,178.3922080078125,,,,,,,,16.306952,13.813574,4.2140293,6.730409,,,,25.016063814505497,,Technology,Semiconductors,United States,49000,2021-Q4
QCOM,QUALCOMM INC,2021-12-01 00:00:00-05:00,2021,4,12,167.44622802734375,165.6332306798335,176.42882294178736,156.76967567261,190527600,1079000000,180674480041.5039,180.6744800415039,,,,,,,,16.306952,13.813574,4.2140293,6.730409,,,,22.31846689887702,,Technology,Semiconductors,United States,49000,2021-Q4
QCOM,QUALCOMM INC,2022-01-01 00:00:00-05:00,2022,1,1,161.54429626464844,168.11600332754048,177.92299808868518,144.65090424164788,208913700,1079000000,174306295669.55566,174.30629566955565,,,,,,,,16.306952,13.813574,4.2140293,6.730409,,,,14.537749431691061,,Technology,Semiconductors,United States,49000,2022-Q1
QCOM,QUALCOMM INC,2022-02-01 00:00:00-05:00,2022,1,2,158.07920837402344,162.16928321777885,176.56268343276372,143.1894762759638,241774300,1079000000,170567465835.5713,170.56746583557128,,,,,,,,16.306952,13.813574,4.2140293,6.730409,,,,28.614464019962792,,Technology,Semiconductors,United States,49000,2022-Q1
QCOM,QUALCOMM INC,2022-03-01 00:00:00-05:00,2022,1,3,140.45973205566406,157.13254537620193,157.94136032763603,127.80346312608724,243057800,1079000000,151556050888.06152,151.55605088806152,,,,,,,,16.306952,13.813574,4.2140293,6.730409,,,,17.381989750783045,,Technology,Semiconductors,United States,49000,2022-Q1
QCOM,QUALCOMM INC,2022-04-01 00:00:00-04:00,2022,2,4,128.92726135253906,140.23343161501776,142.25470022544903,120.59299982856312,250536000,1079000000,139112514999.38965,139.11251499938965,,,,,,,,16.306952,13.813574,4.2140293,6.730409,,,,2.435563885709846,,Technology,Semiconductors,United States,49000,2022-Q2
QCOM,QUALCOMM INC,2022-05-01 00:00:00-04:00,2022,2,5,132.18533325195312,129.76720083516707,137.9814771172502,116.16286818859075,217951100,1079000000,142627974578.85742,142.62797457885742,,,,,,,,16.306952,13.813574,4.2140293,6.730409,,,,8.34960274575609,,Technology,Semiconductors,United States,49000,2022-Q2
QCOM,QUALCOMM INC,2022-06-01 00:00:00-04:00,2022,2,6,117.89797973632812,131.5669144533185,134.98183673704636,109.12070434561404,212613700,1079000000,127211920135.49805,127.21192013549805,,,,,,,,16.306952,13.813574,4.2140293,6.730409,,,,-9.034117612708958,,Technology,Semiconductors,United States,49000,2022-Q2
QCOM,QUALCOMM INC,2022-07-01 00:00:00-04:00,2022,3,7,134.58831787109375,116.67228220828952,145.35093565023692,111.67137938609015,175158600,1079000000,145220794982.91016,145.22079498291015,,,,,,,,16.306952,13.813574,4.2140293,6.730409,,,,-1.4218668396440926,,Technology,Semiconductors,United States,49000,2022-Q3
QCOM,QUALCOMM INC,2022-08-01 00:00:00-04:00,2022,3,8,122.72161865234375,133.89246175290003,141.87164550849633,121.8216404558191,141858000,1079000000,132416626525.8789,132.4166265258789,,,,,,,,16.306952,13.813574,4.2140293,6.730409,,,,-8.207861267559657,,Technology,Semiconductors,United States,49000,2022-Q3
QCOM,QUALCOMM INC,2022-09-01 00:00:00-04:00,2022,3,9,105.41233825683594,121.27363134312189,125.22963134291145,105.35635235680546,166185200,1079000000,113739912979.12598,113.73991297912598,,,,,,,,16.306952,13.813574,4.2140293,6.730409,,,,-10.328571402610953,,Technology,Semiconductors,United States,49000,2022-Q3
QCOM,QUALCOMM INC,2022-10-01 00:00:00-04:00,2022,4,10,109.77885437011719,107.28769196504827,118.68916819024604,97.64962555494668,164692200,1079000000,118451383865.35645,118.45138386535645,,,,,,,,16.306952,13.813574,4.2140293,6.730409,,,,-9.883658010013619,,Technology,Semiconductors,United States,49000,2022-Q4
QCOM,QUALCOMM INC,2022-11-01 00:00:00-04:00,2022,4,11,118.01739501953125,111.71952617744464,119.5475504426474,95.10248488827335,196716800,1079000000,127340769226.07422,127.34076922607422,,,,,,,,16.306952,13.813574,4.2140293,6.730409,,,,-28.617527274230802,,Technology,Semiconductors,United States,49000,2022-Q4
QCOM,QUALCOMM INC,2022-12-01 00:00:00-05:00,2022,4,12,103.22996520996094,118.98581978285127,120.37548600144329,100.3003875509437,157121100,1079000000,111385132461.54785,111.38513246154785,,,,,,,,16.306952,13.813574,4.2140293,6.730409,,,,-38.350378849320144,,Technology,Semiconductors,United States,49000,2022-Q4
QCOM,QUALCOMM INC,2023-01-01 00:00:00-05:00,2023,1,1,125.07974243164062,104.55392558325555,126.65719938369321,100.59148553263277,169127100,1079000000,134961042083.74023,134.96104208374024,,,,,,,,16.306952,13.813574,4.2140293,6.730409,,,,-22.572479917997292,,Technology,Semiconductors,United States,49000,2023-Q1
QCOM,QUALCOMM INC,2023-02-01 00:00:00-05:00,2023,1,2,115.99053192138672,124.58206976335532,131.39897580068006,115.41776177675602,142245100,1079000000,125153783943.17627,125.15378394317626,,,,,,,,16.306952,13.813574,4.2140293,6.730409,,,,-26.625055176802736,,Technology,Semiconductors,United States,49000,2023-Q1
QCOM,QUALCOMM INC,2023-03-01 00:00:00-05:00,2023,1,3,119.7933349609375,116.22525977753519,120.36610503770069,106.23465786050284,169559400,1079000000,129257008422.85156,129.25700842285156,,,,,,,,16.306952,13.813574,4.2140293,6.730409,,,,-14.713396353722564,,Technology,Semiconductors,United States,49000,2023-Q1
QCOM,QUALCOMM INC,2023-04-01 00:00:00-04:00,2023,2,4,110.3412094116211,119.96771901845108,120.51564797245264,105.9483431554105,108915700,1079000000,119058164955.13916,119.05816495513916,,,,,,,,16.306952,13.813574,4.2140293,6.730409,,,,-14.415920842447916,,Technology,Semiconductors,United States,49000,2023-Q2
QCOM,QUALCOMM INC,2023-05-01 00:00:00-04:00,2023,2,5,107.13866424560547,110.72852775451071,111.078070111939,95.85891932581114,221713000,1079000000,115602618721.0083,115.6026187210083,,,,,,,,16.306952,13.813574,4.2140293,6.730409,,,,-18.948145297335838,,Technology,Semiconductors,United States,49000,2023-Q2
QCOM,QUALCOMM INC,2023-06-01 00:00:00-04:00,2023,2,6,113.23829650878906,108.97663702801663,119.288326997466,106.76970816946235,176529300,1079000000,122184121932.9834,122.1841219329834,,,,,,,,16.306952,13.813574,4.2140293,6.730409,,,,-3.952301165770755,,Technology,Semiconductors,United States,49000,2023-Q2
QCOM,QUALCOMM INC,2023-07-01 00:00:00-04:00,2023,3,7,125.72836303710938,113.45707532057486,126.48937594106381,108.0824479950405,163250200,1079000000,135660903717.04102,135.660903717041,,,,,,,,16.306952,13.813574,4.2140293,6.730409,,,,-6.583004360356359,,Technology,Semiconductors,United States,49000,2023-Q3
QCOM,QUALCOMM INC,2023-08-01 00:00:00-04:00,2023,3,8,108.9480972290039,125.49055217102052,125.93764672473296,102.50805304520743,190511000,1079000000,117554996910.09521,117.55499691009521,,,,,,,,16.306952,13.813574,4.2140293,6.730409,,,,-11.223386372012135,,Technology,Semiconductors,United States,49000,2023-Q3
QCOM,QUALCOMM INC,2023-09-01 00:00:00-04:00,2023,3,9,106.39529418945312,110.8404059394338,112.14328427742268,101.07840774344972,165381600,1079000000,114800522430.41992,114.80052243041992,,,,,,,,16.306952,13.813574,4.2140293,6.730409,,,,0.9324866034393642,,Technology,Semiconductors,United States,49000,2023-Q3
QCOM,QUALCOMM INC,2023-10-01 00:00:00-04:00,2023,4,10,104.4122314453125,105.76301254075686,109.59500569579193,99.94796322034905,154442600,1079000000,112660797729.49219,112.66079772949219,,,,,,,,16.306952,13.813574,4.2140293,6.730409,,,,-4.88857617944457,3.0,Technology,Semiconductors,United States,49000,2023-Q4
QCOM,QUALCOMM INC,2023-11-01 00:00:00-04:00,2023,4,11,123.62968444824219,104.5846734263835,125.11458474774683,104.13441305263899,207210200,1079000000,133396429519.65332,133.3964295196533,,,,,,,,16.306952,13.813574,4.2140293,6.730409,,,,4.755476451401197,3.0,Technology,Semiconductors,United States,49000,2023-Q4
QCOM,QUALCOMM INC,2023-12-01 00:00:00-05:00,2023,4,12,139.43649291992188,124.42558824778521,141.61533339155724,123.43257564563999,159806700,1079000000,150451975860.5957,150.4519758605957,,,,,,,,16.306952,13.813574,4.2140293,6.730409,,,,35.0736606723832,3.0,Technology,Semiconductors,United States,49000,2023-Q4
QCOM,QUALCOMM INC,2024-01-01 00:00:00-05:00,2024,1,1,143.17715454101562,137.0841068397152,152.30709783394198,130.0944468247821,188135200,1079000000,154488149749.75586,154.48814974975585,,,,,,,,16.306952,13.813574,4.2140293,6.730409,,,,14.468699533232332,,Technology,Semiconductors,United States,49000,2024-Q1
QCOM,QUALCOMM INC,2024-02-01 00:00:00-05:00,2024,1,2,152.12391662597656,135.81149821997033,153.48328850419247,134.2593110785921,186391500,1079000000,164141706039.4287,164.1417060394287,,,,,,,,16.306952,13.813574,4.2140293,6.730409,,,,31.152012242757408,,Technology,Semiconductors,United States,49000,2024-Q1
QCOM,QUALCOMM INC,2024-03-01 00:00:00-05:00,2024,1,3,164.04966735839844,154.44699296392403,172.0825711769393,153.1679365236045,174920800,1079000000,177009591079.7119,177.00959107971192,,,,,,,,16.306952,13.813574,4.2140293,6.730409,,,,36.94390210598291,,Technology,Semiconductors,United States,49000,2024-Q1
QCOM,QUALCOMM INC,2024-04-01 00:00:00-04:00,2024,2,4,160.70668029785156,163.05162969637823,170.53221891806447,151.49159411883846,154500600,1079000000,173402508041.38184,173.40250804138185,9393000000.0,9393.0,5219000000.0,2129000000.0,2221000000.0,2866000000.0,4.615205686186038,16.306952,13.813574,4.2140293,6.730409,,,,45.645204683542275,,Technology,Semiconductors,United States,49000,2024-Q2
QCOM,QUALCOMM INC,2024-05-01 00:00:00-04:00,2024,2,5,197.72201538085938,159.40821944479504,210.6870654895127,158.7105468630505,232104200,1079000000,213342054595.94727,213.34205459594727,9393000000.0,9393.0,5219000000.0,2129000000.0,2221000000.0,2866000000.0,5.67821927488415,16.306952,13.813574,4.2140293,6.730409,,0.0,,84.547769727276,,Technology,Semiconductors,United States,49000,2024-Q2
QCOM,QUALCOMM INC,2024-06-01 00:00:00-04:00,2024,2,6,193.7939910888672,203.89331154138148,224.39356739930082,188.59839293255905,225397700,1079000000,209103716384.8877,209.1037163848877,9393000000.0,9393.0,5219000000.0,2129000000.0,2221000000.0,2866000000.0,5.565413509658461,16.306952,13.813574,4.2140293,6.730409,,0.0,,71.13820771211066,,Technology,Semiconductors,United States,49000,2024-Q2
QCOM,QUALCOMM INC,2024-07-01 00:00:00-04:00,2024,3,7,176.0569305419922,194.07613563082504,205.38191461810035,162.26037885528473,192314000,1079000000,189965428054.80957,189.96542805480956,10244000000.0,10244.0,5777000000.0,2920000000.0,2535000000.0,3215000000.0,4.636016889272002,16.306952,13.813574,4.2140293,6.730409,,9.05993825188971,,40.029605324637906,,Technology,Semiconductors,United States,49000,2024-Q3
QCOM,QUALCOMM INC,2024-08-01 00:00:00-04:00,2024,3,8,170.55972290039062,167.115439580506,172.18456271773718,147.29626866101657,207080400,1079000000,184033941009.52148,184.03394100952147,10244000000.0,10244.0,5777000000.0,2920000000.0,2535000000.0,3215000000.0,4.491261738811048,16.306952,13.813574,4.2140293,6.730409,,0.0,9.05993825188971,56.55135540539262,,Technology,Semiconductors,United States,49000,2024-Q3
QCOM,QUALCOMM INC,2024-09-01 00:00:00-04:00,2024,3,9,165.45169067382812,167.2419317762937,172.01916431102893,152.8810614342383,172127500,1079000000,178522374237.06055,178.52237423706055,10244000000.0,10244.0,5777000000.0,2920000000.0,2535000000.0,3215000000.0,4.356754545027835,16.306952,13.813574,4.2140293,6.730409,,0.0,9.05993825188971,55.50658695413355,,Technology,Semiconductors,United States,49000,2024-Q3
QCOM,QUALCOMM INC,2024-10-01 00:00:00-04:00,2024,4,10,159.1869659423828,166.06221412620474,175.8714236376172,158.51215244937313,159375300,1079000000,171762736251.83105,171.76273625183106,11669000000.0,11669.0,6508000000.0,3180000000.0,3555000000.0,4234000000.0,3.6798940837224925,16.306952,13.813574,4.2140293,6.730409,,13.910581803982813,24.230810177791984,52.46007458978541,3.0,Technology,Semiconductors,United States,49000,2024-Q4
QCOM,QUALCOMM INC,2024-11-01 00:00:00-04:00,2024,4,11,155.040283203125,159.49012718944653,178.09144474217268,149.58311376628492,185788700,1079000000,167288465576.17188,167.2884655761719,11669000000.0,11669.0,6508000000.0,3180000000.0,3555000000.0,4234000000.0,3.5840360265697977,16.306952,13.813574,4.2140293,6.730409,,0.0,13.910581803982813,25.407003904497483,3.0,Technology,Semiconductors,United States,49000,2024-Q4
QCOM,QUALCOMM INC,2024-12-01 00:00:00-05:00,2024,4,12,150.23838806152344,154.89361665854997,161.3678871115773,146.14061932841994,166380400,1079000000,162107220718.3838,162.1072207183838,11669000000.0,11669.0,6508000000.0,3180000000.0,3555000000.0,4234000000.0,3.473031551940693,16.306952,13.813574,4.2140293,6.730409,,0.0,13.910581803982813,7.7468207320769755,3.0,Technology,Semiconductors,United States,49000,2024-Q4
QCOM,QUALCOMM INC,2025-01-01 00:00:00-05:00,2025,1,1,170.00799560546875,152.3907915403076,173.80277380818396,150.2083016671886,149834100,1079000000,183438627258.30078,183.43862725830078,10979000000.0,10979.0,6042000000.0,2812000000.0,3120000000.0,3665000000.0,4.177034048144202,16.306952,13.813574,4.2140293,6.730409,,-5.913103093666983,7.1749316673174635,18.73961048497228,,Technology,Semiconductors,United States,49000,2025-Q1
QCOM,QUALCOMM INC,2025-02-01 00:00:00-05:00,2025,1,2,154.51431274414062,166.02645666920156,174.0092490572841,150.80800984926108,162804800,1079000000,166720943450.92773,166.72094345092773,10979000000.0,10979.0,6042000000.0,2812000000.0,3120000000.0,3665000000.0,3.796359947420706,16.306952,13.813574,4.2140293,6.730409,,0.0,-5.913103093666983,1.5713479978570755,,Technology,Semiconductors,United States,49000,2025-Q1
QCOM,QUALCOMM INC,2025-03-01 00:00:00-05:00,2025,1,3,151.01446533203125,156.3035647242156,159.08574825202814,145.38128886102731,153197100,1079000000,162944608093.26172,162.9446080932617,10979000000.0,10979.0,6042000000.0,2812000000.0,3120000000.0,3665000000.0,3.710369981174554,16.306952,13.813574,4.2140293,6.730409,,0.0,-5.913103093666983,-7.945887508500249,,Technology,Semiconductors,United States,49000,2025-Q1
QCOM,QUALCOMM INC,2025-04-01 00:00:00-04:00,2025,2,4,146.73846435546875,150.62288483299062,153.657292349785,119.39920611828417,220074200,1079000000,158330803039.55078,158.33080303955077,10365000000.0,10365.0,5759000000.0,2666000000.0,2762000000.0,3518000000.0,3.8188809223239457,16.306952,13.813574,4.2140293,6.730409,,-5.59249476272885,-11.17490787556774,-8.691745680076469,,Technology,Semiconductors,United States,49000,2025-Q2
QCOM,QUALCOMM INC,2025-05-01 00:00:00-04:00,2025,2,5,143.51625061035156,137.1805776673798,154.3195136329402,133.30603599086027,194490100,1079000000,154854034408.56934,154.85403440856933,10365000000.0,10365.0,5759000000.0,2666000000.0,2762000000.0,3518000000.0,3.735022537592121,16.306952,13.813574,4.2140293,6.730409,,0.0,-5.59249476272885,-27.415138706782194,,Technology,Semiconductors,United States,49000,2025-Q2
QCOM,QUALCOMM INC,2025-06-01 00:00:00-04:00,2025,2,6,157.4132080078125,143.12089530393567,160.2598162165188,142.804598799925,168025100,1079000000,169848851440.4297,169.84885144042968,10365000000.0,10365.0,5759000000.0,2666000000.0,2762000000.0,3518000000.0,4.096692027024353,16.306952,13.813574,4.2140293,6.730409,,0.0,-5.59249476272885,-18.772915959180448,,Technology,Semiconductors,United States,49000,2025-Q2
QCOM,QUALCOMM INC,2025-07-01 00:00:00-04:00,2025,3,7,145.9295196533203,157.32467730917978,163.03220167397413,144.75620423483838,177031200,1079000000,157457951705.93262,157.45795170593263,,,,,,,,16.306952,13.813574,4.2140293,6.730409,,0.0,-5.59249476272885,-17.112311793647926,,Technology,Semiconductors,United States,49000,2025-Q3
QCOM,QUALCOMM INC,2025-08-01 00:00:00-04:00,2025,3,8,159.8204803466797,145.63124025876917,160.68556763524575,143.29453202592535,152923800,1079000000,172446298294.06738,172.4462982940674,,,,,,,,16.306952,13.813574,4.2140293,6.730409,,0.0,0.0,-6.2964704509884895,,Technology,Semiconductors,United States,49000,2025-Q3
QCOM,QUALCOMM INC,2025-09-01 00:00:00-04:00,2025,3,9,165.4186248779297,156.92695656417675,173.45290467475877,153.59590702737034,161246000,1079000000,178486696243.28613,178.48669624328613,,,,,,,,16.306952,13.813574,4.2140293,6.730409,,0.0,0.0,-0.019985166524305598,,Technology,Semiconductors,United States,49000,2025-Q3
QCOM,QUALCOMM INC,2025-10-01 00:00:00-04:00,2025,4,10,168.94000244140625,165.8000030517578,172.4199981689453,153.35000610351562,142589092,1079000000,182286262634.27734,182.28626263427734,,,,,,,,16.306952,13.813574,4.2140293,6.730409,,0.0,0.0,6.126780821083999,,Technology,Semiconductors,United States,49000,2025-Q4
