ticker,company_name,date,year,quarter,month,close_price,open_price,high_price,low_price,volume,shares_outstanding,market_cap,market_cap_billions,revenue,revenue_millions,gross_profit,net_income,operating_income,ebitda,ps_ratio,current_pe,forward_pe,current_ps,current_pb,peg_ratio,revenue_qoq_pct,revenue_yoy_pct,market_cap_yoy_pct,sector,industry,country,employees,year_quarter
QUBT,QUANTUM COMPUTING INC,2015-01-01 00:00:00-05:00,2015,1,1,0.20000000298023224,0.20000000298023224,0.20000000298023224,0.20000000298023224,367,223934400,44786880.66737652,0.044786880667376516,,,,,,,,,-50.09677,13223.198,6.192185,,,,,Technology,Computer Hardware,United States,41,2015-Q1
QUBT,QUANTUM COMPUTING INC,2015-02-01 00:00:00-05:00,2015,1,2,0.4000000059604645,0.20000000298023224,0.6000000238418579,0.20000000298023224,452,223934400,89573761.33475304,0.08957376133475303,,,,,,,,,-50.09677,13223.198,6.192185,,,,,Technology,Computer Hardware,United States,41,2015-Q1
QUBT,QUANTUM COMPUTING INC,2015-03-01 00:00:00-05:00,2015,1,3,0.6000000238418579,0.20000000298023224,0.6000000238418579,0.20000000298023224,392,223934400,134360645.33901215,0.13436064533901215,,,,,,,,,-50.09677,13223.198,6.192185,,,,,Technology,Computer Hardware,United States,41,2015-Q1
QUBT,QUANTUM COMPUTING INC,2015-04-01 00:00:00-04:00,2015,2,4,0.6000000238418579,0.6000000238418579,0.6000000238418579,0.20000000298023224,51,223934400,134360645.33901215,0.13436064533901215,,,,,,,,,-50.09677,13223.198,6.192185,,,,,Technology,Computer Hardware,United States,41,2015-Q2
QUBT,QUANTUM COMPUTING INC,2015-05-01 00:00:00-04:00,2015,2,5,0.4000000059604645,0.4000000059604645,0.6000000238418579,0.4000000059604645,473,223934400,89573761.33475304,0.08957376133475303,,,,,,,,,-50.09677,13223.198,6.192185,,,,,Technology,Computer Hardware,United States,41,2015-Q2
QUBT,QUANTUM COMPUTING INC,2015-06-01 00:00:00-04:00,2015,2,6,0.6000000238418579,0.4000000059604645,0.6000000238418579,0.4000000059604645,89,223934400,134360645.33901215,0.13436064533901215,,,,,,,,,-50.09677,13223.198,6.192185,,,,,Technology,Computer Hardware,United States,41,2015-Q2
QUBT,QUANTUM COMPUTING INC,2015-07-01 00:00:00-04:00,2015,3,7,0.6000000238418579,0.6000000238418579,0.6000000238418579,0.4000000059604645,1648,223934400,134360645.33901215,0.13436064533901215,,,,,,,,,-50.09677,13223.198,6.192185,,,,,Technology,Computer Hardware,United States,41,2015-Q3
QUBT,QUANTUM COMPUTING INC,2015-08-01 00:00:00-04:00,2015,3,8,0.20000000298023224,0.4000000059604645,0.6000000238418579,0.20000000298023224,2187,223934400,44786880.66737652,0.044786880667376516,,,,,,,,,-50.09677,13223.198,6.192185,,,,,Technology,Computer Hardware,United States,41,2015-Q3
QUBT,QUANTUM COMPUTING INC,2015-09-01 00:00:00-04:00,2015,3,9,0.20000000298023224,0.20000000298023224,0.20000000298023224,0.20000000298023224,159,223934400,44786880.66737652,0.044786880667376516,,,,,,,,,-50.09677,13223.198,6.192185,,,,,Technology,Computer Hardware,United States,41,2015-Q3
QUBT,QUANTUM COMPUTING INC,2015-10-01 00:00:00-04:00,2015,4,10,0.20000000298023224,0.20000000298023224,0.20000000298023224,0.20000000298023224,31,223934400,44786880.66737652,0.044786880667376516,,,,,,,,,-50.09677,13223.198,6.192185,,,,,Technology,Computer Hardware,United States,41,2015-Q4
QUBT,QUANTUM COMPUTING INC,2015-11-01 00:00:00-04:00,2015,4,11,0.4000000059604645,0.20000000298023224,0.6000000238418579,0.20000000298023224,391,223934400,89573761.33475304,0.08957376133475303,,,,,,,,,-50.09677,13223.198,6.192185,,,,,Technology,Computer Hardware,United States,41,2015-Q4
QUBT,QUANTUM COMPUTING INC,2015-12-01 00:00:00-05:00,2015,4,12,0.20000000298023224,0.4000000059604645,0.4000000059604645,0.20000000298023224,2146,223934400,44786880.66737652,0.044786880667376516,,,,,,,,,-50.09677,13223.198,6.192185,,,,,Technology,Computer Hardware,United States,41,2015-Q4
QUBT,QUANTUM COMPUTING INC,2016-01-01 00:00:00-05:00,2016,1,1,0.20000000298023224,0.20000000298023224,0.20000000298023224,0.20000000298023224,7319,223934400,44786880.66737652,0.044786880667376516,,,,,,,,,-50.09677,13223.198,6.192185,,,,0.0,Technology,Computer Hardware,United States,41,2016-Q1
QUBT,QUANTUM COMPUTING INC,2016-02-01 00:00:00-05:00,2016,1,2,0.20000000298023224,0.20000000298023224,0.20000000298023224,0.20000000298023224,150,223934400,44786880.66737652,0.044786880667376516,,,,,,,,,-50.09677,13223.198,6.192185,,,,-50.0,Technology,Computer Hardware,United States,41,2016-Q1
QUBT,QUANTUM COMPUTING INC,2016-03-01 00:00:00-05:00,2016,1,3,0.20000000298023224,0.20000000298023224,0.20000000298023224,0.20000000298023224,105,223934400,44786880.66737652,0.044786880667376516,,,,,,,,,-50.09677,13223.198,6.192185,,,,-66.66666749450893,Technology,Computer Hardware,United States,41,2016-Q1
QUBT,QUANTUM COMPUTING INC,2016-04-01 00:00:00-04:00,2016,2,4,0.20000000298023224,0.20000000298023224,0.20000000298023224,0.20000000298023224,573,223934400,44786880.66737652,0.044786880667376516,,,,,,,,,-50.09677,13223.198,6.192185,,,,-66.66666749450893,Technology,Computer Hardware,United States,41,2016-Q2
QUBT,QUANTUM COMPUTING INC,2016-05-01 00:00:00-04:00,2016,2,5,0.20000000298023224,0.20000000298023224,0.20000000298023224,0.20000000298023224,106,223934400,44786880.66737652,0.044786880667376516,,,,,,,,,-50.09677,13223.198,6.192185,,,,-50.0,Technology,Computer Hardware,United States,41,2016-Q2
QUBT,QUANTUM COMPUTING INC,2016-06-01 00:00:00-04:00,2016,2,6,0.20000000298023224,0.20000000298023224,0.20000000298023224,0.20000000298023224,57,223934400,44786880.66737652,0.044786880667376516,,,,,,,,,-50.09677,13223.198,6.192185,,,,-66.66666749450893,Technology,Computer Hardware,United States,41,2016-Q2
QUBT,QUANTUM COMPUTING INC,2016-07-01 00:00:00-04:00,2016,3,7,0.20000000298023224,0.20000000298023224,0.20000000298023224,0.20000000298023224,507,223934400,44786880.66737652,0.044786880667376516,,,,,,,,,-50.09677,13223.198,6.192185,,,,-66.66666749450893,Technology,Computer Hardware,United States,41,2016-Q3
QUBT,QUANTUM COMPUTING INC,2016-08-01 00:00:00-04:00,2016,3,8,0.20000000298023224,0.20000000298023224,0.20000000298023224,0.20000000298023224,55,223934400,44786880.66737652,0.044786880667376516,,,,,,,,,-50.09677,13223.198,6.192185,,,,0.0,Technology,Computer Hardware,United States,41,2016-Q3
QUBT,QUANTUM COMPUTING INC,2016-09-01 00:00:00-04:00,2016,3,9,0.20000000298023224,0.20000000298023224,0.20000000298023224,0.20000000298023224,33,223934400,44786880.66737652,0.044786880667376516,,,,,,,,,-50.09677,13223.198,6.192185,,,,0.0,Technology,Computer Hardware,United States,41,2016-Q3
QUBT,QUANTUM COMPUTING INC,2016-10-01 00:00:00-04:00,2016,4,10,0.20000000298023224,0.20000000298023224,0.20000000298023224,0.20000000298023224,594,223934400,44786880.66737652,0.044786880667376516,,,,,,,,,-50.09677,13223.198,6.192185,,,,0.0,Technology,Computer Hardware,United States,41,2016-Q4
QUBT,QUANTUM COMPUTING INC,2016-11-01 00:00:00-04:00,2016,4,11,0.20000000298023224,0.20000000298023224,0.20000000298023224,0.20000000298023224,257,223934400,44786880.66737652,0.044786880667376516,,,,,,,,,-50.09677,13223.198,6.192185,,,,-50.0,Technology,Computer Hardware,United States,41,2016-Q4
QUBT,QUANTUM COMPUTING INC,2016-12-01 00:00:00-05:00,2016,4,12,0.20000000298023224,0.20000000298023224,0.20000000298023224,0.20000000298023224,1090,223934400,44786880.66737652,0.044786880667376516,,,,,,,,,-50.09677,13223.198,6.192185,,,,0.0,Technology,Computer Hardware,United States,41,2016-Q4
QUBT,QUANTUM COMPUTING INC,2017-01-01 00:00:00-05:00,2017,1,1,0.20000000298023224,0.20000000298023224,0.20000000298023224,0.20000000298023224,4903,223934400,44786880.66737652,0.044786880667376516,,,,,,,,,-50.09677,13223.198,6.192185,,,,0.0,Technology,Computer Hardware,United States,41,2017-Q1
QUBT,QUANTUM COMPUTING INC,2017-02-01 00:00:00-05:00,2017,1,2,0.4000000059604645,0.20000000298023224,0.800000011920929,0.20000000298023224,1681,223934400,89573761.33475304,0.08957376133475303,,,,,,,,,-50.09677,13223.198,6.192185,,,,100.0,Technology,Computer Hardware,United States,41,2017-Q1
QUBT,QUANTUM COMPUTING INC,2017-03-01 00:00:00-05:00,2017,1,3,0.4000000059604645,0.4000000059604645,0.4000000059604645,0.4000000059604645,76,223934400,89573761.33475304,0.08957376133475303,,,,,,,,,-50.09677,13223.198,6.192185,,,,100.0,Technology,Computer Hardware,United States,41,2017-Q1
QUBT,QUANTUM COMPUTING INC,2017-04-01 00:00:00-04:00,2017,2,4,0.6000000238418579,0.4000000059604645,0.6000000238418579,0.20000000298023224,11760,223934400,134360645.33901215,0.13436064533901215,,,,,,,,,-50.09677,13223.198,6.192185,,,,200.0000074505805,Technology,Computer Hardware,United States,41,2017-Q2
QUBT,QUANTUM COMPUTING INC,2017-05-01 00:00:00-04:00,2017,2,5,0.4000000059604645,0.4000000059604645,0.6000000238418579,0.4000000059604645,4050,223934400,89573761.33475304,0.08957376133475303,,,,,,,,,-50.09677,13223.198,6.192185,,,,100.0,Technology,Computer Hardware,United States,41,2017-Q2
QUBT,QUANTUM COMPUTING INC,2017-06-01 00:00:00-04:00,2017,2,6,0.20000000298023224,0.4000000059604645,0.4000000059604645,0.20000000298023224,7254,223934400,44786880.66737652,0.044786880667376516,,,,,,,,,-50.09677,13223.198,6.192185,,,,0.0,Technology,Computer Hardware,United States,41,2017-Q2
QUBT,QUANTUM COMPUTING INC,2017-07-01 00:00:00-04:00,2017,3,7,0.20000000298023224,0.20000000298023224,0.20000000298023224,0.20000000298023224,0,223934400,44786880.66737652,0.044786880667376516,,,,,,,,,-50.09677,13223.198,6.192185,,,,0.0,Technology,Computer Hardware,United States,41,2017-Q3
QUBT,QUANTUM COMPUTING INC,2017-08-01 00:00:00-04:00,2017,3,8,0.20000000298023224,0.20000000298023224,0.20000000298023224,0.20000000298023224,127,223934400,44786880.66737652,0.044786880667376516,,,,,,,,,-50.09677,13223.198,6.192185,,,,0.0,Technology,Computer Hardware,United States,41,2017-Q3
QUBT,QUANTUM COMPUTING INC,2017-09-01 00:00:00-04:00,2017,3,9,0.6000000238418579,0.20000000298023224,0.6000000238418579,0.20000000298023224,2770,223934400,134360645.33901215,0.13436064533901215,,,,,,,,,-50.09677,13223.198,6.192185,,,,200.0000074505805,Technology,Computer Hardware,United States,41,2017-Q3
QUBT,QUANTUM COMPUTING INC,2017-10-01 00:00:00-04:00,2017,4,10,0.6000000238418579,0.6000000238418579,0.6000000238418579,0.4000000059604645,2661,223934400,134360645.33901215,0.13436064533901215,,,,,,,,,-50.09677,13223.198,6.192185,,,,200.0000074505805,Technology,Computer Hardware,United States,41,2017-Q4
QUBT,QUANTUM COMPUTING INC,2017-11-01 00:00:00-04:00,2017,4,11,1.0,0.6000000238418579,1.2000000476837158,0.4000000059604645,10947,223934400,223934400.0,0.2239344,,,,,,,,,-50.09677,13223.198,6.192185,,,,399.9999925494195,Technology,Computer Hardware,United States,41,2017-Q4
QUBT,QUANTUM COMPUTING INC,2017-12-01 00:00:00-05:00,2017,4,12,0.800000011920929,0.800000011920929,1.0,0.800000011920929,3932,223934400,179147522.66950607,0.17914752266950607,,,,,,,,,-50.09677,13223.198,6.192185,,,,300.0,Technology,Computer Hardware,United States,41,2017-Q4
QUBT,QUANTUM COMPUTING INC,2018-01-01 00:00:00-05:00,2018,1,1,6.0,0.800000011920929,12.600000381469727,0.6000000238418579,45699,223934400,1343606400.0,1.3436064,,,,,,,,,-50.09677,13223.198,6.192185,,,,2899.9999552965173,Technology,Computer Hardware,United States,41,2018-Q1
QUBT,QUANTUM COMPUTING INC,2018-02-01 00:00:00-05:00,2018,1,2,24.0,7.0,39.599998474121094,5.0,14670,223934400,5374425600.0,5.3744256,,,,,,,,,-50.09677,13223.198,6.192185,,,,5899.999910593035,Technology,Computer Hardware,United States,41,2018-Q1
QUBT,QUANTUM COMPUTING INC,2018-03-01 00:00:00-05:00,2018,1,3,12.0,22.0,23.0,4.400000095367432,3034,223934400,2687212800.0,2.6872128,,,,,,,,,-50.09677,13223.198,6.192185,,,,2899.9999552965173,Technology,Computer Hardware,United States,41,2018-Q1
QUBT,QUANTUM COMPUTING INC,2018-04-01 00:00:00-04:00,2018,2,4,5.599999904632568,15.800000190734863,15.800000190734863,3.5999999046325684,16049,223934400,1254032618.6439514,1.2540326186439514,,,,,,,,,-50.09677,13223.198,6.192185,,,,833.333280351429,Technology,Computer Hardware,United States,41,2018-Q2
QUBT,QUANTUM COMPUTING INC,2018-05-01 00:00:00-04:00,2018,2,5,6.199999809265137,5.599999904632568,7.0,2.5999999046325684,2733,223934400,1388393237.2879028,1.3883932372879029,,,,,,,,,-50.09677,13223.198,6.192185,,,,1449.9999292194855,Technology,Computer Hardware,United States,41,2018-Q2
QUBT,QUANTUM COMPUTING INC,2018-06-01 00:00:00-04:00,2018,2,6,3.799999952316284,3.4000000953674316,6.199999809265137,2.200000047683716,1757,223934400,850950709.3219757,0.8509507093219757,,,,,,,,,-50.09677,13223.198,6.192185,,,,1799.9999478459365,Technology,Computer Hardware,United States,41,2018-Q2
QUBT,QUANTUM COMPUTING INC,2018-07-01 00:00:00-04:00,2018,3,7,5.199999809265137,2.4000000953674316,8.489999771118164,0.014999999664723873,11712,223934400,1164458837.2879028,1.1644588372879028,,,,,,,,,-50.09677,13223.198,6.192185,,,,2499.9998658895515,Technology,Computer Hardware,United States,41,2018-Q3
QUBT,QUANTUM COMPUTING INC,2018-08-01 00:00:00-04:00,2018,3,8,5.0,5.199999809265137,6.0,2.0,8500,223934400,1119672000.0,1.119672,,,,,,,,,-50.09677,13223.198,6.192185,,,,2399.999962747098,Technology,Computer Hardware,United States,41,2018-Q3
QUBT,QUANTUM COMPUTING INC,2018-09-01 00:00:00-04:00,2018,3,9,11.5,5.0,14.960000038146973,5.0,19400,223934400,2575245600.0,2.5752456,,,,,,,,,-50.09677,13223.198,6.192185,,,,1816.666590505179,Technology,Computer Hardware,United States,41,2018-Q3
QUBT,QUANTUM COMPUTING INC,2018-10-01 00:00:00-04:00,2018,4,10,7.0,12.5,12.5,6.0,8200,223934400,1567540800.0,1.5675408,,,,,,,,,-50.09677,13223.198,6.192185,,,,1066.6666203075004,Technology,Computer Hardware,United States,41,2018-Q4
QUBT,QUANTUM COMPUTING INC,2018-11-01 00:00:00-04:00,2018,4,11,7.0,7.0,7.0,4.75,500,223934400,1567540800.0,1.5675408,,,,,,,,,-50.09677,13223.198,6.192185,,,,600.0,Technology,Computer Hardware,United States,41,2018-Q4
QUBT,QUANTUM COMPUTING INC,2018-12-01 00:00:00-05:00,2018,4,12,3.0,7.0,7.0,3.0,6600,223934400,671803200.0,0.6718032,,,,,,,,,-50.09677,13223.198,6.192185,,,,274.99999441206467,Technology,Computer Hardware,United States,41,2018-Q4
QUBT,QUANTUM COMPUTING INC,2019-01-01 00:00:00-05:00,2019,1,1,5.349999904632568,3.0,5.349999904632568,2.8499999046325684,2200,223934400,1198049018.6439514,1.1980490186439514,,,,,,,,,-50.09677,13223.198,6.192185,,,,-10.833334922790527,Technology,Computer Hardware,United States,41,2019-Q1
QUBT,QUANTUM COMPUTING INC,2019-02-01 00:00:00-05:00,2019,1,2,6.349999904632568,5.349999904632568,6.349999904632568,5.349999904632568,300,223934400,1421983418.6439514,1.4219834186439515,,,,,,,,,-50.09677,13223.198,6.192185,,,,-73.54166706403096,Technology,Computer Hardware,United States,41,2019-Q1
QUBT,QUANTUM COMPUTING INC,2019-03-01 00:00:00-05:00,2019,1,3,4.050000190734863,6.349999904632568,6.349999904632568,3.5,2700,223934400,906934362.7120972,0.9069343627120972,,,,,,,,,-50.09677,13223.198,6.192185,,,,-66.2499984105428,Technology,Computer Hardware,United States,41,2019-Q1
QUBT,QUANTUM COMPUTING INC,2019-04-01 00:00:00-04:00,2019,2,4,3.5,4.050000190734863,6.0,3.5,2600,223934400,783770400.0,0.7837704,,,,,,,,,-50.09677,13223.198,6.192185,,,,-37.49999893563133,Technology,Computer Hardware,United States,41,2019-Q2
QUBT,QUANTUM COMPUTING INC,2019-05-01 00:00:00-04:00,2019,2,5,5.0,4.0,5.849999904632568,4.0,3200,223934400,1119672000.0,1.119672,,,,,,,,,-50.09677,13223.198,6.192185,,,,-19.354836228734797,Technology,Computer Hardware,United States,41,2019-Q2
QUBT,QUANTUM COMPUTING INC,2019-06-01 00:00:00-04:00,2019,2,6,4.449999809265137,5.0,6.800000190734863,4.25,14000,223934400,996508037.2879028,0.9965080372879028,,,,,,,,,-50.09677,13223.198,6.192185,,,,17.105259608033574,Technology,Computer Hardware,United States,41,2019-Q2
QUBT,QUANTUM COMPUTING INC,2019-07-01 00:00:00-04:00,2019,3,7,5.0,4.849999904632568,7.5,3.0,15000,223934400,1119672000.0,1.119672,,,,,,,,,-50.09677,13223.198,6.192185,,,,-3.846150319251662,Technology,Computer Hardware,United States,41,2019-Q3
QUBT,QUANTUM COMPUTING INC,2019-08-01 00:00:00-04:00,2019,3,8,4.150000095367432,5.0,5.5,3.25,37700,223934400,929327781.3560486,0.9293277813560485,,,,,,,,,-50.09677,13223.198,6.192185,,,,-16.99999809265137,Technology,Computer Hardware,United States,41,2019-Q3
QUBT,QUANTUM COMPUTING INC,2019-09-01 00:00:00-04:00,2019,3,9,3.5,3.5,5.0,2.549999952316284,45500,223934400,783770400.0,0.7837704,,,,,,,,,-50.09677,13223.198,6.192185,,,,-69.56521739130434,Technology,Computer Hardware,United States,41,2019-Q3
QUBT,QUANTUM COMPUTING INC,2019-10-01 00:00:00-04:00,2019,4,10,3.5,3.5,4.110000133514404,2.200000047683716,21600,223934400,783770400.0,0.7837704,,,,,,,,,-50.09677,13223.198,6.192185,,,,-50.0,Technology,Computer Hardware,United States,41,2019-Q4
QUBT,QUANTUM COMPUTING INC,2019-11-01 00:00:00-04:00,2019,4,11,3.0,3.5,4.5,2.9600000381469727,2500,223934400,671803200.0,0.6718032,,,,,,,,,-50.09677,13223.198,6.192185,,,,-57.14285714285714,Technology,Computer Hardware,United States,41,2019-Q4
QUBT,QUANTUM COMPUTING INC,2019-12-01 00:00:00-05:00,2019,4,12,3.0,3.0,3.390000104904175,2.6500000953674316,3700,223934400,671803200.0,0.6718032,,,,,,,,,-50.09677,13223.198,6.192185,,,,0.0,Technology,Computer Hardware,United States,41,2019-Q4
QUBT,QUANTUM COMPUTING INC,2020-01-01 00:00:00-05:00,2020,1,1,2.25,2.950000047683716,3.25,1.850000023841858,25200,223934400,503852400.0,0.5038524,,,,,,,,,-50.09677,13223.198,6.192185,,,,-57.94392448396637,Technology,Computer Hardware,United States,41,2020-Q1
QUBT,QUANTUM COMPUTING INC,2020-02-01 00:00:00-05:00,2020,1,2,3.490000009536743,1.7999999523162842,6.880000114440918,1.6799999475479126,297600,223934400,781531058.1356049,0.7815310581356049,,,,,,,,,-50.09677,13223.198,6.192185,,,,-45.03936910312937,Technology,Computer Hardware,United States,41,2020-Q1
QUBT,QUANTUM COMPUTING INC,2020-03-01 00:00:00-05:00,2020,1,3,2.200000047683716,3.490000009536743,4.159999847412109,1.649999976158142,315600,223934400,492655690.6780243,0.4926556906780243,,,,,,,,,-50.09677,13223.198,6.192185,,,,-45.67901372655167,Technology,Computer Hardware,United States,41,2020-Q1
QUBT,QUANTUM COMPUTING INC,2020-04-01 00:00:00-04:00,2020,2,4,1.5,2.055000066757202,2.299999952316284,1.2899999618530273,291100,223934400,335901600.0,0.3359016,,,,,,,,,-50.09677,13223.198,6.192185,,,,-57.14285714285714,Technology,Computer Hardware,United States,41,2020-Q2
QUBT,QUANTUM COMPUTING INC,2020-05-01 00:00:00-04:00,2020,2,5,2.049999952316284,1.6449999809265137,2.440000057220459,0.7799999713897705,617100,223934400,459065509.3219757,0.4590655093219757,,,,,,,,,-50.09677,13223.198,6.192185,,,,-59.000000953674316,Technology,Computer Hardware,United States,41,2020-Q2
QUBT,QUANTUM COMPUTING INC,2020-06-01 00:00:00-04:00,2020,2,6,2.680000066757202,2.0999999046325684,4.840000152587891,2.059999942779541,1573000,223934400,600144206.949234,0.600144206949234,,,,,,,,,-50.09677,13223.198,6.192185,,,,-39.7752768173765,Technology,Computer Hardware,United States,41,2020-Q2
QUBT,QUANTUM COMPUTING INC,2020-07-01 00:00:00-04:00,2020,3,7,2.25,2.680000066757202,2.869999885559082,1.9500000476837158,1021700,223934400,503852400.0,0.5038524,,,,,,,,,-50.09677,13223.198,6.192185,,,,-55.00000000000001,Technology,Computer Hardware,United States,41,2020-Q3
QUBT,QUANTUM COMPUTING INC,2020-08-01 00:00:00-04:00,2020,3,8,4.090000152587891,2.25,5.679999828338623,2.0199999809265137,1933100,223934400,915891730.1696777,0.9158917301696777,,,,,,,,,-50.09677,13223.198,6.192185,,,,-1.4457817204996615,Technology,Computer Hardware,United States,41,2020-Q3
QUBT,QUANTUM COMPUTING INC,2020-09-01 00:00:00-04:00,2020,3,9,3.690000057220459,4.090000152587891,4.400000095367432,3.299999952316284,731000,223934400,826317948.8136292,0.8263179488136292,,,,,,,,,-50.09677,13223.198,6.192185,,,,5.428573063441688,Technology,Computer Hardware,United States,41,2020-Q3
QUBT,QUANTUM COMPUTING INC,2020-10-01 00:00:00-04:00,2020,4,10,3.4149999618530273,3.7249999046325684,4.300000190734863,3.380000114440918,689100,223934400,764735967.4575806,0.7647359674575805,,,,,,,,,-50.09677,13223.198,6.192185,,,,-2.4285725184849283,Technology,Computer Hardware,United States,41,2020-Q4
QUBT,QUANTUM COMPUTING INC,2020-11-01 00:00:00-04:00,2020,4,11,5.320000171661377,3.380000114440918,7.730000019073486,3.0,1470300,223934400,1191331046.4408875,1.1913310464408875,,,,,,,,,-50.09677,13223.198,6.192185,,,,77.33333905537923,Technology,Computer Hardware,United States,41,2020-Q4
QUBT,QUANTUM COMPUTING INC,2020-12-01 00:00:00-05:00,2020,4,12,14.109999656677246,5.559999942779541,25.06999969482422,4.570000171661377,5766700,223934400,3159714307.118225,3.159714307118225,,,,,,,,,-50.09677,13223.198,6.192185,,,,370.3333218892415,Technology,Computer Hardware,United States,41,2020-Q4
QUBT,QUANTUM COMPUTING INC,2021-01-01 00:00:00-05:00,2021,1,1,11.1899995803833,15.154999732971191,17.0,9.199999809265137,3051000,223934400,2505825842.033386,2.5058258420333863,,,,,,,,,-50.09677,13223.198,6.192185,,,,397.33331468370227,Technology,Computer Hardware,United States,41,2021-Q1
QUBT,QUANTUM COMPUTING INC,2021-02-01 00:00:00-05:00,2021,1,2,8.850000381469727,11.050000190734863,14.989999771118164,8.800000190734863,2339300,223934400,1981819525.4241943,1.9818195254241944,,,,,,,,,-50.09677,13223.198,6.192185,,,,153.5816721285471,Technology,Computer Hardware,United States,41,2021-Q1
QUBT,QUANTUM COMPUTING INC,2021-03-01 00:00:00-05:00,2021,1,3,7.0,9.039999961853027,9.979999542236328,6.300000190734863,2085300,223934400,1567540800.0,1.5675408,,,,,,,,,-50.09677,13223.198,6.192185,,,,218.18181128541318,Technology,Computer Hardware,United States,41,2021-Q1
QUBT,QUANTUM COMPUTING INC,2021-04-01 00:00:00-04:00,2021,2,4,6.110000133514404,7.010000228881836,8.970000267028809,6.099999904632568,1318400,223934400,1368239213.898468,1.368239213898468,,,,,,,,,-50.09677,13223.198,6.192185,,,,307.33334223429364,Technology,Computer Hardware,United States,41,2021-Q2
QUBT,QUANTUM COMPUTING INC,2021-05-01 00:00:00-04:00,2021,2,5,5.974999904632568,6.130000114440918,7.75,3.5,2440000,223934400,1338008018.6439514,1.3380080186439514,,,,,,,,,-50.09677,13223.198,6.192185,,,,191.46341676161734,Technology,Computer Hardware,United States,41,2021-Q2
QUBT,QUANTUM COMPUTING INC,2021-06-01 00:00:00-04:00,2021,2,6,5.199999809265137,6.0,7.420000076293945,5.054999828338623,1497800,223934400,1164458837.2879028,1.1644588372879028,,,,,,,,,-50.09677,13223.198,6.192185,,,,94.02983879612854,Technology,Computer Hardware,United States,41,2021-Q2
QUBT,QUANTUM COMPUTING INC,2021-07-01 00:00:00-04:00,2021,3,7,9.34000015258789,5.224999904632568,10.430000305175781,4.989999771118164,7852300,223934400,2091547330.1696777,2.0915473301696776,,,,,,,,,-50.09677,13223.198,6.192185,,,,315.11111789279516,Technology,Computer Hardware,United States,41,2021-Q3
QUBT,QUANTUM COMPUTING INC,2021-08-01 00:00:00-04:00,2021,3,8,7.559999942779541,9.470000267028809,9.470000267028809,6.130000114440918,5447500,223934400,1692944051.1863708,1.692944051186371,,,,,,,,,-50.09677,13223.198,6.192185,,,,84.84106749961992,Technology,Computer Hardware,United States,41,2021-Q3
QUBT,QUANTUM COMPUTING INC,2021-09-01 00:00:00-04:00,2021,3,9,6.224999904632568,7.5,7.639999866485596,5.60099983215332,5584100,223934400,1393991618.6439514,1.3939916186439514,,,,,,,,,-50.09677,13223.198,6.192185,,,,68.69918179138543,Technology,Computer Hardware,United States,41,2021-Q3
QUBT,QUANTUM COMPUTING INC,2021-10-01 00:00:00-04:00,2021,4,10,6.25,6.25,6.889999866485596,5.03000020980835,4920100,223934400,1399590000.0,1.39959,,,,,,,,,-50.09677,13223.198,6.192185,,,,83.01610746164287,Technology,Computer Hardware,United States,41,2021-Q4
QUBT,QUANTUM COMPUTING INC,2021-11-01 00:00:00-04:00,2021,4,11,5.300000190734863,6.210000038146973,8.899999618530273,5.190000057220459,48621000,223934400,1186852362.7120972,1.1868523627120973,,,,,,,,,-50.09677,13223.198,6.192185,,,,-0.3759394789693782,Technology,Computer Hardware,United States,41,2021-Q4
QUBT,QUANTUM COMPUTING INC,2021-12-01 00:00:00-05:00,2021,4,12,3.4100000858306885,5.354000091552734,5.550000190734863,3.240000009536743,11191700,223934400,763616323.2204437,0.7636163232204437,,,,,,,,,-50.09677,13223.198,6.192185,,,,-75.8327415393169,Technology,Computer Hardware,United States,41,2021-Q4
QUBT,QUANTUM COMPUTING INC,2022-01-01 00:00:00-05:00,2022,1,1,2.690000057220459,3.4800000190734863,3.75,2.049999952316284,5710300,223934400,602383548.8136292,0.6023835488136291,,,,,,,,,-50.09677,13223.198,6.192185,,,,-75.96067776502709,Technology,Computer Hardware,United States,41,2022-Q1
QUBT,QUANTUM COMPUTING INC,2022-02-01 00:00:00-05:00,2022,1,2,2.740000009536743,2.7300000190734863,3.075000047683716,2.299999952316284,2483500,223934400,613580258.1356049,0.6135802581356049,,,,,,,,,-50.09677,13223.198,6.192185,,,,-69.03954924935599,Technology,Computer Hardware,United States,41,2022-Q1
QUBT,QUANTUM COMPUTING INC,2022-03-01 00:00:00-05:00,2022,1,3,2.5999999046325684,2.7899999618530273,3.0899999141693115,1.9329999685287476,2891300,223934400,582229418.6439514,0.5822294186439514,,,,,,,,,-50.09677,13223.198,6.192185,,,,-62.857144219534746,Technology,Computer Hardware,United States,41,2022-Q1
QUBT,QUANTUM COMPUTING INC,2022-04-01 00:00:00-04:00,2022,2,4,1.5299999713897705,2.5999999046325684,2.75,1.4700000286102295,1943300,223934400,342619625.5931854,0.34261962559318543,,,,,,,,,-50.09677,13223.198,6.192185,,,,-74.959084485163,Technology,Computer Hardware,United States,41,2022-Q2
QUBT,QUANTUM COMPUTING INC,2022-05-01 00:00:00-04:00,2022,2,5,2.2699999809265137,1.5399999618530273,2.450000047683716,1.4199999570846558,9308100,223934400,508331083.7287903,0.5083310837287903,,,,,,,,,-50.09677,13223.198,6.192185,,,,-62.008367913671,Technology,Computer Hardware,United States,41,2022-Q2
QUBT,QUANTUM COMPUTING INC,2022-06-01 00:00:00-04:00,2022,2,6,2.380000114440918,2.259999990463257,4.400000095367432,2.130000114440918,8877300,223934400,532963897.6272583,0.5329638976272583,,,,,,,,,-50.09677,13223.198,6.192185,,,,-54.23076535117682,Technology,Computer Hardware,United States,41,2022-Q2
QUBT,QUANTUM COMPUTING INC,2022-07-01 00:00:00-04:00,2022,3,7,3.069999933242798,2.4000000953674316,3.440000057220459,2.2699999809265137,3667600,223934400,687478593.050766,0.687478593050766,,,,,,,,,-50.09677,13223.198,6.192185,,,,-67.13062223674403,Technology,Computer Hardware,United States,41,2022-Q3
QUBT,QUANTUM COMPUTING INC,2022-08-01 00:00:00-04:00,2022,3,8,2.9600000381469727,3.109999895095825,4.300000190734863,2.7939999103546143,6060300,223934400,662845832.5424194,0.6628458325424195,,,,,,,,,-50.09677,13223.198,6.192185,,,,-60.84656004562498,Technology,Computer Hardware,United States,41,2022-Q3
QUBT,QUANTUM COMPUTING INC,2022-09-01 00:00:00-04:00,2022,3,9,2.509999990463257,2.9200000762939453,3.0799999237060547,2.109999895095825,3264500,223934400,562075341.8643951,0.5620753418643951,,,,,,,,,-50.09677,13223.198,6.192185,,,,-59.67871439491355,Technology,Computer Hardware,United States,41,2022-Q3
QUBT,QUANTUM COMPUTING INC,2022-10-01 00:00:00-04:00,2022,4,10,2.2300000190734863,2.5,2.6700000762939453,1.8359999656677246,3058700,223934400,499373716.2712097,0.49937371627120974,,,,,,,,,-50.09677,13223.198,6.192185,,,,-64.31999969482422,Technology,Computer Hardware,United States,41,2022-Q4
QUBT,QUANTUM COMPUTING INC,2022-11-01 00:00:00-04:00,2022,4,11,2.2100000381469727,2.2200000286102295,2.450000047683716,1.9800000190734863,2284700,223934400,494895032.54241943,0.49489503254241946,,,,,,,,,-50.09677,13223.198,6.192185,,,,-58.3018875733182,Technology,Computer Hardware,United States,41,2022-Q4
QUBT,QUANTUM COMPUTING INC,2022-12-01 00:00:00-05:00,2022,4,12,1.5099999904632568,2.240000009536743,2.319999933242798,1.4299999475479126,2558700,223934400,338140941.86439514,0.33814094186439514,,,,,,,,,-50.09677,13223.198,6.192185,,,,-55.71847646756245,Technology,Computer Hardware,United States,41,2022-Q4
QUBT,QUANTUM COMPUTING INC,2023-01-01 00:00:00-05:00,2023,1,1,1.7599999904632568,1.5700000524520874,1.9700000286102295,1.5,1880500,223934400,394124541.86439514,0.39412454186439516,,,,,,,,,-50.09677,13223.198,6.192185,,,,-34.57249245258971,Technology,Computer Hardware,United States,41,2023-Q1
QUBT,QUANTUM COMPUTING INC,2023-02-01 00:00:00-05:00,2023,1,2,1.440000057220459,1.850000023841858,3.490000009536743,1.4270000457763672,47769100,223934400,322465548.81362915,0.32246554881362915,,,,,,,,,-50.09677,13223.198,6.192185,,,,-47.44525356903475,Technology,Computer Hardware,United States,41,2023-Q1
QUBT,QUANTUM COMPUTING INC,2023-03-01 00:00:00-05:00,2023,1,3,1.309999942779541,1.440000057220459,1.5800000429153442,1.149999976158142,5481900,223934400,293354051.18637085,0.29335405118637087,,,,,,,,,-50.09677,13223.198,6.192185,,,,-49.615384968074835,Technology,Computer Hardware,United States,41,2023-Q1
QUBT,QUANTUM COMPUTING INC,2023-04-01 00:00:00-04:00,2023,2,4,1.149999976158142,1.3600000143051147,1.5800000429153442,1.1299999952316284,3416600,223934400,257524554.66098785,0.25752455466098784,,,,,,,,,-50.09677,13223.198,6.192185,,,,-24.836601459963205,Technology,Computer Hardware,United States,41,2023-Q2
QUBT,QUANTUM COMPUTING INC,2023-05-01 00:00:00-04:00,2023,2,5,1.1699999570846558,1.1699999570846558,1.649999976158142,1.0399999618530273,39215500,223934400,262003238.38977814,0.2620032383897781,,,,,,,,,-50.09677,13223.198,6.192185,,,,-48.45815123720338,Technology,Computer Hardware,United States,41,2023-Q2
QUBT,QUANTUM COMPUTING INC,2023-06-01 00:00:00-04:00,2023,2,6,1.1799999475479126,1.190000057220459,1.809999942779541,1.1699999570846558,37786700,223934400,264242580.25417328,0.2642425802541733,,,,,,,,,-50.09677,13223.198,6.192185,,,,-50.42017265511332,Technology,Computer Hardware,United States,41,2023-Q2
QUBT,QUANTUM COMPUTING INC,2023-07-01 00:00:00-04:00,2023,3,7,1.4199999570846558,1.2100000381469727,1.4900000095367432,1.149999976158142,37490200,223934400,317986838.38977814,0.31798683838977815,,,,,,,,,-50.09677,13223.198,6.192185,,,,-53.74592873086059,Technology,Computer Hardware,United States,41,2023-Q3
QUBT,QUANTUM COMPUTING INC,2023-08-01 00:00:00-04:00,2023,3,8,1.1799999475479126,1.590000033378601,1.6299999952316284,1.059999942779541,61705900,223934400,264242580.25417328,0.2642425802541733,,,,,,,,,-50.09677,13223.198,6.192185,,,,-60.13513742092316,Technology,Computer Hardware,United States,41,2023-Q3
QUBT,QUANTUM COMPUTING INC,2023-09-01 00:00:00-04:00,2023,3,9,1.0800000429153442,1.2000000476837158,1.3700000047683716,1.059999942779541,16674300,223934400,241849161.61022186,0.24184916161022185,,,,,,,,,-50.09677,13223.198,6.192185,,,,-56.97210968052575,Technology,Computer Hardware,United States,41,2023-Q3
QUBT,QUANTUM COMPUTING INC,2023-10-01 00:00:00-04:00,2023,4,10,0.7269999980926514,1.0800000429153442,1.090000033378601,0.6340000033378601,12848800,223934400,162800308.37287903,0.16280030837287904,,,,,,,,,-50.09677,13223.198,6.192185,,,,-67.39910350338458,Technology,Computer Hardware,United States,41,2023-Q4
QUBT,QUANTUM COMPUTING INC,2023-11-01 00:00:00-04:00,2023,4,11,0.890999972820282,0.7570000290870667,0.9750000238418579,0.6700000166893005,8279300,223934400,199525544.31352615,0.19952554431352615,,,,,,,,,-50.09677,13223.198,6.192185,,,,-59.68325984431375,Technology,Computer Hardware,United States,41,2023-Q4
QUBT,QUANTUM COMPUTING INC,2023-12-01 00:00:00-05:00,2023,4,12,0.9129999876022339,0.8799999952316284,1.0,0.7599999904632568,16054300,223934400,204452104.42371368,0.20445210442371367,,,,,,,,,-50.09677,13223.198,6.192185,,,,-39.53642428023246,Technology,Computer Hardware,United States,41,2023-Q4
QUBT,QUANTUM COMPUTING INC,2024-01-01 00:00:00-05:00,2024,1,1,0.8109999895095825,0.9290000200271606,0.9599999785423279,0.75,14643800,223934400,181610796.05083466,0.18161079605083466,,,,,,,,,-50.09677,13223.198,6.192185,,,,-53.92045489181419,Technology,Computer Hardware,United States,41,2024-Q1
QUBT,QUANTUM COMPUTING INC,2024-02-01 00:00:00-05:00,2024,1,2,0.8309999704360962,0.8199999928474426,0.9599999785423279,0.7120000123977661,35118100,223934400,186089479.77962494,0.18608947977962495,,,,,,,,,-50.09677,13223.198,6.192185,,,,-42.291671012838506,Technology,Computer Hardware,United States,41,2024-Q1
QUBT,QUANTUM COMPUTING INC,2024-03-01 00:00:00-05:00,2024,1,3,0.9900000095367432,0.8650000095367432,1.3200000524520874,0.7900000214576721,48149300,223934400,221695058.13560486,0.22169505813560486,,,,,,,,,-50.09677,13223.198,6.192185,,,,-24.42747688704674,Technology,Computer Hardware,United States,41,2024-Q1
QUBT,QUANTUM COMPUTING INC,2024-04-01 00:00:00-04:00,2024,2,4,0.7680000066757202,1.0299999713897705,1.0299999713897705,0.6800000071525574,25314400,223934400,171981620.6949234,0.1719816206949234,183000.0,0.183,58000.0,-5194000.0,-5267000.0,-4219000.0,234.94756925535984,,-50.09677,13223.198,6.192185,,,,-33.21738933930997,Technology,Computer Hardware,United States,41,2024-Q2
QUBT,QUANTUM COMPUTING INC,2024-05-01 00:00:00-04:00,2024,2,5,0.7239999771118164,0.7630000114440918,0.8899999856948853,0.699999988079071,17362600,223934400,162128500.47454834,0.16212850047454833,183000.0,0.183,58000.0,-5194000.0,-5267000.0,-4219000.0,221.48702250621358,,-50.09677,13223.198,6.192185,,0.0,,-38.11965780615571,Technology,Computer Hardware,United States,41,2024-Q2
QUBT,QUANTUM COMPUTING INC,2024-06-01 00:00:00-04:00,2024,2,6,0.5019999742507935,0.7289999723434448,0.7300000190734863,0.5019999742507935,16144400,223934400,112415063.03386688,0.11241506303386688,183000.0,0.183,58000.0,-5194000.0,-5267000.0,-4219000.0,153.5724904834247,,-50.09677,13223.198,6.192185,,0.0,,-57.457627409732545,Technology,Computer Hardware,United States,41,2024-Q2
QUBT,QUANTUM COMPUTING INC,2024-07-01 00:00:00-04:00,2024,3,7,0.6819999814033508,0.5130000114440918,0.8199999928474426,0.35499998927116394,26326500,223934400,152723256.63557053,0.15272325663557051,101000.0,0.101,9000.0,-5675000.0,-5438000.0,-4645000.0,378.027862959333,,-50.09677,13223.198,6.192185,,-44.80874316939891,,-51.97183084402782,Technology,Computer Hardware,United States,41,2024-Q3
QUBT,QUANTUM COMPUTING INC,2024-08-01 00:00:00-04:00,2024,3,8,0.6470000147819519,0.6909999847412109,0.7089999914169312,0.5299999713897705,10091300,223934400,144885560.11018753,0.14488556011018752,101000.0,0.101,9000.0,-5675000.0,-5438000.0,-4645000.0,358.62762403511766,,-50.09677,13223.198,6.192185,,0.0,-44.80874316939891,-45.169487835449154,Technology,Computer Hardware,United States,41,2024-Q3
QUBT,QUANTUM COMPUTING INC,2024-09-01 00:00:00-04:00,2024,3,9,0.652999997138977,0.628000020980835,0.75,0.5809999704360962,8732700,223934400,146229162.55931854,0.14622916255931853,101000.0,0.101,9000.0,-5675000.0,-5438000.0,-4645000.0,361.95337267158055,,-50.09677,13223.198,6.192185,,0.0,-44.80874316939891,-39.53703970452875,Technology,Computer Hardware,United States,41,2024-Q3
QUBT,QUANTUM COMPUTING INC,2024-10-01 00:00:00-04:00,2024,4,10,1.1200000047683716,0.6520000100135803,1.649999976158142,0.6389999985694885,55207700,223934400,250806529.06780243,0.25080652906780243,62000.0,0.062,34000.0,-51237000.0,-8914000.0,-47947000.0,1011.3166494669453,,-50.09677,13223.198,6.192185,,-38.613861386138616,-66.12021857923497,54.057772724455354,Technology,Computer Hardware,United States,41,2024-Q4
QUBT,QUANTUM COMPUTING INC,2024-11-01 00:00:00-04:00,2024,4,11,7.059999942779541,1.1100000143051147,9.199999809265137,1.0299999713897705,1062287200,223934400,1580976851.1863708,1.5809768511863709,62000.0,0.062,34000.0,-51237000.0,-8914000.0,-47947000.0,6374.90665800956,,-50.09677,13223.198,6.192185,,0.0,-38.613861386138616,692.3681434503893,Technology,Computer Hardware,United States,41,2024-Q4
QUBT,QUANTUM COMPUTING INC,2024-12-01 00:00:00-05:00,2024,4,12,16.549999237060547,7.329999923706055,27.149999618530273,5.150000095367432,1239176100,223934400,3706114149.1516113,3.7061141491516114,62000.0,0.062,34000.0,-51237000.0,-8914000.0,-47947000.0,14944.008665933916,,-50.09677,13223.198,6.192185,,0.0,-38.613861386138616,1712.7053079732214,Technology,Computer Hardware,United States,41,2024-Q4
QUBT,QUANTUM COMPUTING INC,2025-01-01 00:00:00-05:00,2025,1,1,10.380000114440918,16.690000534057617,20.360000610351562,6.409999847412109,780793600,223934400,2324439097.6272583,2.324439097627258,39000.0,0.039,13000.0,16982000.0,-8286000.0,18015000.0,14900.25062581576,,-50.09677,13223.198,6.192185,,-37.096774193548384,-61.386138613861384,1179.9013870170056,Technology,Computer Hardware,United States,41,2025-Q1
QUBT,QUANTUM COMPUTING INC,2025-02-01 00:00:00-05:00,2025,1,2,6.065000057220459,9.75,10.550000190734863,5.860000133514404,272911200,223934400,1358162148.8136292,1.358162148813629,39000.0,0.039,13000.0,16982000.0,-8286000.0,18015000.0,8706.167620600187,,-50.09677,13223.198,6.192185,,0.0,-37.096774193548384,629.8435948243945,Technology,Computer Hardware,United States,41,2025-Q1
QUBT,QUANTUM COMPUTING INC,2025-03-01 00:00:00-05:00,2025,1,3,8.0,6.139999866485596,9.300000190734863,4.373000144958496,518857400,223934400,1791475200.0,1.7914752,39000.0,0.039,13000.0,16982000.0,-8286000.0,18015000.0,11483.815384615385,,-50.09677,13223.198,6.192185,,0.0,-37.096774193548384,708.080800296506,Technology,Computer Hardware,United States,41,2025-Q1
QUBT,QUANTUM COMPUTING INC,2025-04-01 00:00:00-04:00,2025,2,4,6.739999771118164,8.199999809265137,8.399999618530273,5.760000228881836,205500800,223934400,1509317804.7454834,1.5093178047454834,61000.0,0.061,26000.0,-36482000.0,-10171000.0,-35315000.0,6185.728707973292,,-50.09677,13223.198,6.192185,,56.41025641025641,-1.6129032258064502,777.6041292359073,Technology,Computer Hardware,United States,41,2025-Q2
QUBT,QUANTUM COMPUTING INC,2025-05-01 00:00:00-04:00,2025,2,5,11.324999809265137,7.03000020980835,14.680000305175781,6.829999923706055,627074000,223934400,2536057037.287903,2.536057037287903,61000.0,0.061,26000.0,-36482000.0,-10171000.0,-35315000.0,10393.67638232747,,-50.09677,13223.198,6.192185,,0.0,56.41025641025641,1464.2265424431187,Technology,Computer Hardware,United States,41,2025-Q2
QUBT,QUANTUM COMPUTING INC,2025-06-01 00:00:00-04:00,2025,2,6,19.170000076293945,11.3100004196167,21.735000610351562,10.850000381469727,768138500,223934400,4292822465.084839,4.292822465084839,61000.0,0.061,26000.0,-36482000.0,-10171000.0,-35315000.0,17593.53469297065,,-50.09677,13223.198,6.192185,,0.0,56.41025641025641,3718.725310674385,Technology,Computer Hardware,United States,41,2025-Q2
QUBT,QUANTUM COMPUTING INC,2025-07-01 00:00:00-04:00,2025,3,7,14.84000015258789,18.729999542236328,21.8799991607666,14.625,412418300,223934400,3323186530.1696777,3.3231865301696777,,,,,,,,,-50.09677,13223.198,6.192185,,0.0,56.41025641025641,2075.953160885963,Technology,Computer Hardware,United States,41,2025-Q3
QUBT,QUANTUM COMPUTING INC,2025-08-01 00:00:00-04:00,2025,3,8,15.779999732971191,14.199999809265137,17.239999771118164,13.720999717712402,330560100,223934400,3533684772.203064,3.5336847722030638,,,,,,,,,-50.09677,13223.198,6.192185,,0.0,0.0,2338.948898368924,Technology,Computer Hardware,United States,41,2025-Q3
QUBT,QUANTUM COMPUTING INC,2025-09-01 00:00:00-04:00,2025,3,9,18.40999984741211,15.25,23.979999542236328,14.20199966430664,705539400,223934400,4122632269.8303223,4.122632269830322,,,,,,,,,-50.09677,13223.198,6.192185,,0.0,0.0,2719.2955479437674,Technology,Computer Hardware,United States,41,2025-Q3
QUBT,QUANTUM COMPUTING INC,2025-10-01 00:00:00-04:00,2025,4,10,15.529999732971191,18.34000015258789,25.84000015258789,13.880000114440918,1014190093,223934400,3477701172.203064,3.477701172203064,,,,,,,,,-50.09677,13223.198,6.192185,,0.0,0.0,1286.6071131118404,Technology,Computer Hardware,United States,41,2025-Q4
