ticker,company_name,date,year,quarter,month,close_price,open_price,high_price,low_price,volume,shares_outstanding,market_cap,market_cap_billions,revenue,revenue_millions,gross_profit,net_income,operating_income,ebitda,ps_ratio,current_pe,forward_pe,current_ps,current_pb,peg_ratio,revenue_qoq_pct,revenue_yoy_pct,market_cap_yoy_pct,sector,industry,country,employees,year_quarter
ROK,ROCKWELL AUTOMATION INC,2015-01-01 00:00:00-05:00,2015,1,1,87.9848403930664,90.41629983110498,90.94136668265779,82.64532645185454,29077500,112434397,9892522474.735664,9.892522474735664,,,,,,,,41.840374,31.270178,4.972041,11.574027,,,,,Industrials,Specialty Industrial Machinery,United States,27000,2015-Q1
ROK,ROCKWELL AUTOMATION INC,2015-02-01 00:00:00-05:00,2015,1,2,94.54414367675781,88.35644305192912,96.09510558143937,88.00909163091427,18963900,112434397,10630013784.177628,10.630013784177628,,,,,,,,41.840374,31.270178,4.972041,11.574027,,,,,Industrials,Specialty Industrial Machinery,United States,27000,2015-Q1
ROK,ROCKWELL AUTOMATION INC,2015-03-01 00:00:00-05:00,2015,1,3,94.22702026367188,95.0800132859763,95.68116679049125,89.11719998052968,23270000,112434397,10594358204.452728,10.594358204452728,,,,,,,,41.840374,31.270178,4.972041,11.574027,,,,,Industrials,Specialty Industrial Machinery,United States,27000,2015-Q1
ROK,ROCKWELL AUTOMATION INC,2015-04-01 00:00:00-04:00,2015,2,4,96.34729766845703,93.34964983437607,99.64553150838361,89.36090117946195,26647900,112434397,10832750315.932472,10.832750315932472,,,,,,,,41.840374,31.270178,4.972041,11.574027,,,,,Industrials,Specialty Industrial Machinery,United States,27000,2015-Q2
ROK,ROCKWELL AUTOMATION INC,2015-05-01 00:00:00-04:00,2015,2,5,99.83236694335938,96.79409823998537,102.59443221820156,96.72910701048208,18039200,112434397,11224591978.359344,11.224591978359344,,,,,,,,41.840374,31.270178,4.972041,11.574027,,,,,Industrials,Specialty Industrial Machinery,United States,27000,2015-Q2
ROK,ROCKWELL AUTOMATION INC,2015-06-01 00:00:00-04:00,2015,2,6,101.78924560546875,100.27841481299288,103.75741357621493,99.89458081168274,16342500,112434397,11444612450.735779,11.444612450735779,,,,,,,,41.840374,31.270178,4.972041,11.574027,,,,,Industrials,Specialty Industrial Machinery,United States,27000,2015-Q2
ROK,ROCKWELL AUTOMATION INC,2015-07-01 00:00:00-04:00,2015,3,7,95.37022399902344,102.8917147071795,103.52871298666308,93.63072821807478,20977300,112434397,10722893627.085129,10.72289362708513,,,,,,,,41.840374,31.270178,4.972041,11.574027,,,,,Industrials,Specialty Industrial Machinery,United States,27000,2015-Q3
ROK,ROCKWELL AUTOMATION INC,2015-08-01 00:00:00-04:00,2015,3,8,91.3277816772461,95.59078019315014,97.17510836757029,82.85895102960777,19032700,112434397,10268384062.228813,10.268384062228813,,,,,,,,41.840374,31.270178,4.972041,11.574027,,,,,Industrials,Specialty Industrial Machinery,United States,27000,2015-Q3
ROK,ROCKWELL AUTOMATION INC,2015-09-01 00:00:00-04:00,2015,3,9,83.3346939086914,89.51888761970413,90.73437619021902,81.30614563624503,25690100,112434397,9369686058.803291,9.36968605880329,,,,,,,,41.840374,31.270178,4.972041,11.574027,,,,,Industrials,Specialty Industrial Machinery,United States,27000,2015-Q3
ROK,ROCKWELL AUTOMATION INC,2015-10-01 00:00:00-04:00,2015,4,10,89.65027618408203,83.29361067611514,90.72614315905876,80.87085479227751,23616300,112434397,10079774743.640724,10.079774743640725,,,,,,,,41.840374,31.270178,4.972041,11.574027,,,,,Industrials,Specialty Industrial Machinery,United States,27000,2015-Q4
ROK,ROCKWELL AUTOMATION INC,2015-11-01 00:00:00-04:00,2015,4,11,87.41643524169922,89.68314771389298,91.18608113072229,83.17044250679137,24305300,112434397,9828614184.29,9.82861418429,,,,,,,,41.840374,31.270178,4.972041,11.574027,,,,,Industrials,Specialty Industrial Machinery,United States,27000,2015-Q4
ROK,ROCKWELL AUTOMATION INC,2015-12-01 00:00:00-05:00,2015,4,12,84.85091400146484,88.00150140295655,89.05996613054707,81.79955372509261,21757900,112434397,9540161350.653557,9.540161350653557,,,,,,,,41.840374,31.270178,4.972041,11.574027,,,,,Industrials,Specialty Industrial Machinery,United States,27000,2015-Q4
ROK,ROCKWELL AUTOMATION INC,2016-01-01 00:00:00-05:00,2016,1,1,79.02935791015625,83.27975921516442,84.29688149031561,72.38086871919515,28718100,112434397,8885618201.925598,8.885618201925599,,,,,,,,41.840374,31.270178,4.972041,11.574027,,,,-10.178438061491201,Industrials,Specialty Industrial Machinery,United States,27000,2016-Q1
ROK,ROCKWELL AUTOMATION INC,2016-02-01 00:00:00-05:00,2016,1,2,86.07478332519531,78.02879136181454,87.49709802977563,75.78782112246265,26419000,112434397,9677766360.07399,9.67776636007399,,,,,,,,41.840374,31.270178,4.972041,11.574027,,,,-8.958101498617266,Industrials,Specialty Industrial Machinery,United States,27000,2016-Q1
ROK,ROCKWELL AUTOMATION INC,2016-03-01 00:00:00-05:00,2016,1,3,94.78205108642578,87.58278195643594,96.34022863243277,86.89118392608118,19584200,112434397,10656762760.325478,10.656762760325478,,,,,,,,41.840374,31.270178,4.972041,11.574027,,,,0.5890357364594312,Industrials,Specialty Industrial Machinery,United States,27000,2016-Q1
ROK,ROCKWELL AUTOMATION INC,2016-04-01 00:00:00-04:00,2016,2,4,94.54874420166016,93.53217962863602,98.4816796317019,91.18241822098348,16998800,112434397,10630531041.420906,10.630531041420905,,,,,,,,41.840374,31.270178,4.972041,11.574027,,,,-1.8667399193549983,Industrials,Specialty Industrial Machinery,United States,27000,2016-Q2
ROK,ROCKWELL AUTOMATION INC,2016-05-01 00:00:00-04:00,2016,2,5,96.69851684570312,94.59872650374918,97.66508205863464,91.09075014282905,17274500,112434397,10872239432.340973,10.872239432340972,,,,,,,,41.840374,31.270178,4.972041,11.574027,,,,-3.1391122875352284,Industrials,Specialty Industrial Machinery,United States,27000,2016-Q2
ROK,ROCKWELL AUTOMATION INC,2016-06-01 00:00:00-04:00,2016,2,6,96.28639221191406,96.7979299072104,101.13341564796141,89.87121150036315,19347900,112434397,10825902447.652054,10.825902447652053,,,,,,,,41.840374,31.270178,4.972041,11.574027,,,,-5.406124547659519,Industrials,Specialty Industrial Machinery,United States,27000,2016-Q2
ROK,ROCKWELL AUTOMATION INC,2016-07-01 00:00:00-04:00,2016,3,7,95.9342041015625,96.04321793788854,101.2592219471535,92.99076654174847,16049400,112434397,10786304389.834106,10.786304389834106,,,,,,,,41.840374,31.270178,4.972041,11.574027,,,,0.5913586850176955,Industrials,Specialty Industrial Machinery,United States,27000,2016-Q3
ROK,ROCKWELL AUTOMATION INC,2016-08-01 00:00:00-04:00,2016,3,8,97.21723175048828,95.77486345199745,100.26129526562842,93.96352182912332,15357000,112434397,10930560829.875404,10.930560829875404,,,,,,,,41.840374,31.270178,4.972041,11.574027,,,,6.448694980959457,Industrials,Specialty Industrial Machinery,United States,27000,2016-Q3
ROK,ROCKWELL AUTOMATION INC,2016-09-01 00:00:00-04:00,2016,3,9,103.21968841552734,97.98023942298678,103.86935004264174,94.09072789086568,16207400,112434397,11605443425.527702,11.605443425527703,,,,,,,,41.840374,31.270178,4.972041,11.574027,,,,23.861603822081157,Industrials,Specialty Industrial Machinery,United States,27000,2016-Q3
ROK,ROCKWELL AUTOMATION INC,2016-10-01 00:00:00-04:00,2016,4,10,101.00916290283203,102.60377745586162,106.43422923818423,96.57123768373448,24651700,112434397,11356904322.454689,11.356904322454689,,,,,,,,41.840374,31.270178,4.972041,11.574027,,,,12.670219437390685,Industrials,Specialty Industrial Machinery,United States,27000,2016-Q4
ROK,ROCKWELL AUTOMATION INC,2016-11-01 00:00:00-04:00,2016,4,11,112.8127212524414,101.44791475051795,113.28519784587151,98.916779107981,20203400,112434397,12684030287.947334,12.684030287947333,,,,,,,,41.840374,31.270178,4.972041,11.574027,,,,29.052072348321634,Industrials,Specialty Industrial Machinery,United States,27000,2016-Q4
ROK,ROCKWELL AUTOMATION INC,2016-12-01 00:00:00-05:00,2016,4,12,114.08834075927734,114.15625204333412,118.53643271934867,113.41773787744032,19109800,112434397,12827453797.99987,12.82745379799987,,,,,,,,41.840374,31.270178,4.972041,11.574027,,,,34.45740933009602,Industrials,Specialty Industrial Machinery,United States,27000,2016-Q4
ROK,ROCKWELL AUTOMATION INC,2017-01-01 00:00:00-05:00,2017,1,1,125.62452697753906,115.36165832688546,131.94861852337164,114.75046966943076,28138000,112434397,14124517939.129837,14.124517939129838,,,,,,,,41.840374,31.270178,4.972041,11.574027,,,,58.95931625859099,Industrials,Specialty Industrial Machinery,United States,27000,2017-Q1
ROK,ROCKWELL AUTOMATION INC,2017-02-01 00:00:00-05:00,2017,1,2,128.26451110839844,125.90464896475183,130.62437325204505,124.24933889005256,19049800,112434397,14421342962.97258,14.42134296297258,,,,,,,,41.840374,31.270178,4.972041,11.574027,,,,49.01520068172347,Industrials,Specialty Industrial Machinery,United States,27000,2017-Q1
ROK,ROCKWELL AUTOMATION INC,2017-03-01 00:00:00-05:00,2017,1,3,132.83984375,131.1079913577181,134.1963067644586,127.44809788108594,18722500,112434397,14935767729.605469,14.93576772960547,,,,,,,,41.840374,31.270178,4.972041,11.574027,,,,40.15295325153041,Industrials,Specialty Industrial Machinery,United States,27000,2017-Q1
ROK,ROCKWELL AUTOMATION INC,2017-04-01 00:00:00-04:00,2017,2,4,134.23902893066406,132.592493303619,140.76542049186924,126.52678284535484,22293100,112434397,15093084271.684769,15.093084271684768,,,,,,,,41.840374,31.270178,4.972041,11.574027,,,,41.97864822440127,Industrials,Specialty Industrial Machinery,United States,27000,2017-Q2
ROK,ROCKWELL AUTOMATION INC,2017-05-01 00:00:00-04:00,2017,2,5,135.4077606201172,134.90442088805185,136.7045119626323,129.48708154966874,20537000,112434397,15224489914.443222,15.224489914443222,,,,,,,,41.840374,31.270178,4.972041,11.574027,,,,40.03085573295857,Industrials,Specialty Industrial Machinery,United States,27000,2017-Q2
ROK,ROCKWELL AUTOMATION INC,2017-06-01 00:00:00-04:00,2017,2,6,138.8412628173828,136.5180920418861,141.78164621339724,134.00633687834227,16693100,112434397,15610533663.590958,15.610533663590958,,,,,,,,41.840374,31.270178,4.972041,11.574027,,,,44.196141975920035,Industrials,Specialty Industrial Machinery,United States,27000,2017-Q2
ROK,ROCKWELL AUTOMATION INC,2017-07-01 00:00:00-04:00,2017,3,7,141.4729766845703,139.45841956677089,143.99331177468864,135.44646719688564,15209300,112434397,15906428825.324722,15.906428825324722,,,,,,,,41.840374,31.270178,4.972041,11.574027,,,,47.46875528856982,Industrials,Specialty Industrial Machinery,United States,27000,2017-Q3
ROK,ROCKWELL AUTOMATION INC,2017-08-01 00:00:00-04:00,2017,3,8,140.6415252685547,141.6102294782625,142.75895026102316,135.96947909693387,12584300,112434397,15812945086.73021,15.81294508673021,,,,,,,,41.840374,31.270178,4.972041,11.574027,,,,44.667280415386145,Industrials,Specialty Industrial Machinery,United States,27000,2017-Q3
ROK,ROCKWELL AUTOMATION INC,2017-09-01 00:00:00-04:00,2017,3,9,153.4758758544922,141.83234059216534,154.586828337388,138.8353405801992,12650900,112434397,17255967555.74669,17.25596755574669,,,,,,,,41.840374,31.270178,4.972041,11.574027,,,,48.68856727860922,Industrials,Specialty Industrial Machinery,United States,27000,2017-Q3
ROK,ROCKWELL AUTOMATION INC,2017-10-01 00:00:00-04:00,2017,4,10,172.94775390625,153.98395477751214,181.47370573194775,153.29498592045857,14150800,112434397,19445276422.953613,19.445276422953615,,,,,,,,41.840374,31.270178,4.972041,11.574027,,,,71.21986653094123,Industrials,Specialty Industrial Machinery,United States,27000,2017-Q4
ROK,ROCKWELL AUTOMATION INC,2017-11-01 00:00:00-04:00,2017,4,11,166.281982421875,174.213697890673,174.6873647485405,161.6056178301815,22115500,112434397,18695814425.568115,18.695814425568116,,,,,,,,41.840374,31.270178,4.972041,11.574027,,,,47.396482041936785,Industrials,Specialty Industrial Machinery,United States,27000,2017-Q4
ROK,ROCKWELL AUTOMATION INC,2017-12-01 00:00:00-05:00,2017,4,12,169.84536743164062,166.8956688987622,171.75703944101474,161.93048778472593,13704800,112434397,19096461470.419952,19.096461470419953,,,,,,,,41.840374,31.270178,4.972041,11.574027,,,,48.8718008354673,Industrials,Specialty Industrial Machinery,United States,27000,2017-Q4
ROK,ROCKWELL AUTOMATION INC,2018-01-01 00:00:00-05:00,2018,1,1,170.658447265625,171.10825782231638,181.11646681413993,168.86787681724928,16468400,112434397,19187879611.266846,19.187879611266844,,,,,,,,41.840374,31.270178,4.972041,11.574027,,,,35.84803172722613,Industrials,Specialty Industrial Machinery,United States,27000,2018-Q1
ROK,ROCKWELL AUTOMATION INC,2018-02-01 00:00:00-05:00,2018,1,2,156.39431762695312,170.5026743505054,174.56823189011826,152.847759850391,18756600,112434397,17584100796.612946,17.584100796612944,,,,,,,,41.840374,31.270178,4.972041,11.574027,,,,21.93109089604819,Industrials,Specialty Industrial Machinery,United States,27000,2018-Q1
ROK,ROCKWELL AUTOMATION INC,2018-03-01 00:00:00-05:00,2018,1,3,151.35902404785156,156.87642211538193,164.47912868036653,148.25712666353326,18707500,112434397,17017960599.32869,17.01796059932869,,,,,,,,41.840374,31.270178,4.972041,11.574027,,,,13.940983198312118,Industrials,Specialty Industrial Machinery,United States,27000,2018-Q1
ROK,ROCKWELL AUTOMATION INC,2018-04-01 00:00:00-04:00,2018,2,4,142.95700073242188,151.51548453599574,155.42544933310757,135.38035677603938,24960800,112434397,16073284174.278412,16.073284174278413,,,,,,,,41.840374,31.270178,4.972041,11.574027,,,,6.494364471498626,Industrials,Specialty Industrial Machinery,United States,27000,2018-Q2
ROK,ROCKWELL AUTOMATION INC,2018-05-01 00:00:00-04:00,2018,2,5,152.410400390625,142.61810902918958,160.9949345848849,141.74922813751473,21592800,112434397,17136171464.448486,17.136171464448488,,,,,,,,41.840374,31.270178,4.972041,11.574027,,,,12.556621343298225,Industrials,Specialty Industrial Machinery,United States,27000,2018-Q2
ROK,ROCKWELL AUTOMATION INC,2018-06-01 00:00:00-04:00,2018,2,6,145.1843719482422,154.66070812258369,158.49490965432133,141.58599067595298,24504500,112434397,16323717313.824326,16.323717313824325,,,,,,,,41.840374,31.270178,4.972041,11.574027,,,,4.568605184182473,Industrials,Specialty Industrial Machinery,United States,27000,2018-Q2
ROK,ROCKWELL AUTOMATION INC,2018-07-01 00:00:00-04:00,2018,3,7,163.8139190673828,143.44636019244257,164.51263754083223,143.23674065232382,27967800,112434397,18418319210.54799,18.41831921054799,,,,,,,,41.840374,31.270178,4.972041,11.574027,,,,15.791667713774139,Industrials,Specialty Industrial Machinery,United States,27000,2018-Q3
ROK,ROCKWELL AUTOMATION INC,2018-08-01 00:00:00-04:00,2018,3,8,158.0495147705078,163.39468620498278,163.403415354503,148.7129230592171,22618400,112434397,17770201889.36464,17.77020188936464,,,,,,,,41.840374,31.270178,4.972041,11.574027,,,,12.377560232450978,Industrials,Specialty Industrial Machinery,United States,27000,2018-Q3
ROK,ROCKWELL AUTOMATION INC,2018-09-01 00:00:00-04:00,2018,3,9,164.63999938964844,158.3272755703554,174.0432254266167,158.0287634351836,20559200,112434397,18511199053.45549,18.51119905345549,,,,,,,,41.840374,31.270178,4.972041,11.574027,,,,7.274187863727044,Industrials,Specialty Industrial Machinery,United States,27000,2018-Q3
ROK,ROCKWELL AUTOMATION INC,2018-10-01 00:00:00-04:00,2018,4,10,144.63070678710938,165.68483188677678,168.53828790116023,134.92017861706765,27938300,112434397,16261466305.29245,16.26146630529245,,,,,,,,41.840374,31.270178,4.972041,11.574027,,,,-16.373180038227318,Industrials,Specialty Industrial Machinery,United States,27000,2018-Q4
ROK,ROCKWELL AUTOMATION INC,2018-11-01 00:00:00-04:00,2018,4,11,153.06814575195312,145.8247579523679,157.76537835048788,144.67459791195523,19816600,112434397,17210124667.52896,17.210124667528962,,,,,,,,41.840374,31.270178,4.972041,11.574027,,,,-7.946643693720812,Industrials,Specialty Industrial Machinery,United States,27000,2018-Q4
ROK,ROCKWELL AUTOMATION INC,2018-12-01 00:00:00-05:00,2018,4,12,132.83937072753906,158.57215237846165,159.66677975166354,124.87678634047555,22797600,112434397,14935714545.610306,14.935714545610306,,,,,,,,41.840374,31.270178,4.972041,11.574027,,,,-21.788051840151446,Industrials,Specialty Industrial Machinery,United States,27000,2018-Q4
ROK,ROCKWELL AUTOMATION INC,2019-01-01 00:00:00-05:00,2019,1,1,149.64736938476562,131.1091752019178,158.81052477838907,128.18720484544335,25474700,112434397,16825511739.412384,16.825511739412384,,,,,,,,41.840374,31.270178,4.972041,11.574027,,,,-12.31177138753421,Industrials,Specialty Industrial Machinery,United States,27000,2019-Q1
ROK,ROCKWELL AUTOMATION INC,2019-02-01 00:00:00-05:00,2019,1,2,157.62762451171875,150.14172845057615,160.2317968774562,146.81367722974184,16525400,112434397,17722766912.517517,17.722766912517518,,,,,,,,41.840374,31.270178,4.972041,11.574027,,,,0.7885880404602919,Industrials,Specialty Industrial Machinery,United States,27000,2019-Q1
ROK,ROCKWELL AUTOMATION INC,2019-03-01 00:00:00-05:00,2019,1,3,155.74740600585938,159.75958278186047,161.5704002157131,149.55158608442375,14960600,112434397,17511365678.582977,17.511365678582976,,,,,,,,41.840374,31.270178,4.972041,11.574027,,,,2.8993196709701685,Industrials,Specialty Industrial Machinery,United States,27000,2019-Q1
ROK,ROCKWELL AUTOMATION INC,2019-04-01 00:00:00-04:00,2019,2,4,160.40757751464844,157.4783235959013,169.96757852930122,155.60537758358205,17335700,112434397,18035329252.090256,18.035329252090257,,,,,,,,41.840374,31.270178,4.972041,11.574027,,,,12.206871082088156,Industrials,Specialty Industrial Machinery,United States,27000,2019-Q2
ROK,ROCKWELL AUTOMATION INC,2019-05-01 00:00:00-04:00,2019,2,5,132.12696838378906,161.26856341239358,161.53486164624837,131.46122957139744,19285000,112434397,14855616017.669388,14.855616017669387,,,,,,,,41.840374,31.270178,4.972041,11.574027,,,,-13.308430366201963,Industrials,Specialty Industrial Machinery,United States,27000,2019-Q2
ROK,ROCKWELL AUTOMATION INC,2019-06-01 00:00:00-04:00,2019,2,6,146.26348876953125,132.75578398697095,146.9687757917059,132.75578398697095,15385900,112434397,16445047162.918518,16.445047162918517,,,,,,,,41.840374,31.270178,4.972041,11.574027,,,,0.7432734025076604,Industrials,Specialty Industrial Machinery,United States,27000,2019-Q2
ROK,ROCKWELL AUTOMATION INC,2019-07-01 00:00:00-04:00,2019,3,7,143.54054260253906,148.2454765404049,151.56660477622992,136.04122868965302,24719200,112434397,16138894352.56929,16.13889435256929,,,,,,,,41.840374,31.270178,4.972041,11.574027,,,,-12.375857057973539,Industrials,Specialty Industrial Machinery,United States,27000,2019-Q3
ROK,ROCKWELL AUTOMATION INC,2019-08-01 00:00:00-04:00,2019,3,8,136.4072265625,143.13876461515395,145.3707044108945,128.47938567145158,18864100,112434397,15336864264.99707,15.33686426499707,,,,,,,,41.840374,31.270178,4.972041,11.574027,,,,-13.693359476258438,Industrials,Specialty Industrial Machinery,United States,27000,2019-Q3
ROK,ROCKWELL AUTOMATION INC,2019-09-01 00:00:00-04:00,2019,3,9,148.04776000976562,135.60563414947,152.8090073721897,131.09592314209897,20051400,112434397,16645660623.898712,16.645660623898713,,,,,,,,41.840374,31.270178,4.972041,11.574027,,,,-10.077890817172852,Industrials,Specialty Industrial Machinery,United States,27000,2019-Q3
ROK,ROCKWELL AUTOMATION INC,2019-10-01 00:00:00-04:00,2019,4,10,154.50686645507812,149.4581417332705,161.09175847120903,137.09687906806985,18482200,112434397,17371886362.236237,17.371886362236236,,,,,,,,41.840374,31.270178,4.972041,11.574027,,,,6.828535853389739,Industrials,Specialty Industrial Machinery,United States,27000,2019-Q4
ROK,ROCKWELL AUTOMATION INC,2019-11-01 00:00:00-04:00,2019,4,11,175.9324493408203,155.76454173943515,186.05683400591514,155.69267226255403,21337800,112434397,19780858854.36818,19.78085885436818,,,,,,,,41.840374,31.270178,4.972041,11.574027,,,,14.937336227956122,Industrials,Specialty Industrial Machinery,United States,27000,2019-Q4
ROK,ROCKWELL AUTOMATION INC,2019-12-01 00:00:00-05:00,2019,4,12,183.1172332763672,177.70511878913018,186.9843154393509,171.8593303676243,15507500,112434397,20588675703.73668,20.58867570373668,,,,,,,,41.840374,31.270178,4.972041,11.574027,,,,37.84861541684867,Industrials,Specialty Industrial Machinery,United States,27000,2019-Q4
ROK,ROCKWELL AUTOMATION INC,2020-01-01 00:00:00-05:00,2020,1,1,173.16943359375,184.1562900396977,187.87880494745164,171.45272951906105,16607200,112434397,19470200844.944824,19.470200844944824,,,,,,,,41.840374,31.270178,4.972041,11.574027,,,,15.718327896901174,Industrials,Specialty Industrial Machinery,United States,27000,2020-Q1
ROK,ROCKWELL AUTOMATION INC,2020-02-01 00:00:00-05:00,2020,1,2,165.79666137695312,174.24461666750912,189.38767461807845,160.6013981457952,16098900,112434397,18641247646.530914,18.641247646530914,,,,,,,,41.840374,31.270178,4.972041,11.574027,,,,5.182490626588776,Industrials,Specialty Industrial Machinery,United States,27000,2020-Q1
ROK,ROCKWELL AUTOMATION INC,2020-03-01 00:00:00-05:00,2020,1,3,137.04574584960938,167.70417481252454,179.90035405509042,104.77991780534775,39335600,112434397,15408655796.016083,15.408655796016083,,,,,,,,41.840374,31.270178,4.972041,11.574027,,,,-12.007686442974485,Industrials,Specialty Industrial Machinery,United States,27000,2020-Q1
ROK,ROCKWELL AUTOMATION INC,2020-04-01 00:00:00-04:00,2020,2,4,172.07228088378906,129.82612932812958,182.14344213298153,127.19254688574173,22986800,112434397,19346843141.58345,19.34684314158345,,,,,,,,41.840374,31.270178,4.972041,11.574027,,,,7.271915423119846,Industrials,Specialty Industrial Machinery,United States,27000,2020-Q2
ROK,ROCKWELL AUTOMATION INC,2020-05-01 00:00:00-04:00,2020,2,5,196.30117797851562,168.10376831884423,200.97803702429132,161.46534720734627,23870500,112434397,22071004576.404083,22.071004576404082,,,,,,,,41.840374,31.270178,4.972041,11.574027,,,,48.57010675392157,Industrials,Specialty Industrial Machinery,United States,27000,2020-Q2
ROK,ROCKWELL AUTOMATION INC,2020-06-01 00:00:00-04:00,2020,2,6,194.469970703125,197.61983363951245,210.63928754255176,183.14871976524591,20132100,112434397,21865113890.613525,21.865113890613525,,,,,,,,41.840374,31.270178,4.972041,11.574027,,,,32.958657241899346,Industrials,Specialty Industrial Machinery,United States,27000,2020-Q2
ROK,ROCKWELL AUTOMATION INC,2020-07-01 00:00:00-04:00,2020,3,7,199.16278076171875,194.14125652382404,210.8401009960508,189.94143067959365,14939900,112434397,22392747159.78705,22.39274715978705,,,,,,,,41.840374,31.270178,4.972041,11.574027,,,,38.75019360432304,Industrials,Specialty Industrial Machinery,United States,27000,2020-Q3
ROK,ROCKWELL AUTOMATION INC,2020-08-01 00:00:00-04:00,2020,3,8,210.4748992919922,200.15794697814206,217.74242031023823,198.76105138670246,10877800,112434397,23664618385.53087,23.66461838553087,,,,,,,,41.840374,31.270178,4.972041,11.574027,,,,54.29893605787473,Industrials,Specialty Industrial Machinery,United States,27000,2020-Q3
ROK,ROCKWELL AUTOMATION INC,2020-09-01 00:00:00-04:00,2020,3,9,202.36395263671875,210.19515592681842,218.55820795325695,189.42507053523428,11575400,112434397,22752668989.246033,22.752668989246033,,,,,,,,41.840374,31.270178,4.972041,11.574027,,,,36.68829074034641,Industrials,Specialty Industrial Machinery,United States,27000,2020-Q3
ROK,ROCKWELL AUTOMATION INC,2020-10-01 00:00:00-04:00,2020,4,10,217.43943786621094,204.18876614600688,231.03857470874402,197.6230306388024,12967600,112434397,24447672080.506393,24.447672080506393,,,,,,,,41.840374,31.270178,4.972041,11.574027,,,,40.73124570773044,Industrials,Specialty Industrial Machinery,United States,27000,2020-Q4
ROK,ROCKWELL AUTOMATION INC,2020-11-01 00:00:00-04:00,2020,4,11,234.34898376464844,220.14463447434989,245.27965781354786,212.5060076058481,15331900,112434397,26348886677.141037,26.34888667714104,,,,,,,,41.840374,31.270178,4.972041,11.574027,,,,33.20395677017052,Industrials,Specialty Industrial Machinery,United States,27000,2020-Q4
ROK,ROCKWELL AUTOMATION INC,2020-12-01 00:00:00-05:00,2020,4,12,231.0448760986328,237.66826926235822,239.35404345384552,223.58320631139597,12669100,112434397,25977391324.089493,25.977391324089492,,,,,,,,41.840374,31.270178,4.972041,11.574027,,,,26.173201705123784,Industrials,Specialty Industrial Machinery,United States,27000,2020-Q4
ROK,ROCKWELL AUTOMATION INC,2021-01-01 00:00:00-05:00,2021,1,1,228.9445343017578,232.03974928091083,247.71848814990688,219.69574502651346,16194300,112434397,25741240660.663956,25.741240660663955,,,,,,,,41.840374,31.270178,4.972041,11.574027,,,,32.208398185822126,Industrials,Specialty Industrial Machinery,United States,27000,2021-Q1
ROK,ROCKWELL AUTOMATION INC,2021-02-01 00:00:00-05:00,2021,1,2,224.10826110839844,232.15950840772032,234.038739541895,218.4521258185053,12743800,112434397,25197477200.44133,25.19747720044133,,,,,,,,41.840374,31.270178,4.972041,11.574027,,,,35.17055123255397,Industrials,Specialty Industrial Machinery,United States,27000,2021-Q1
ROK,ROCKWELL AUTOMATION INC,2021-03-01 00:00:00-05:00,2021,1,3,245.58642578125,227.1470821652722,254.82921500926517,223.94588066259413,15574600,112434397,27612361694.100098,27.612361694100098,,,,,,,,41.840374,31.270178,4.972041,11.574027,,,,79.20032778744587,Industrials,Specialty Industrial Machinery,United States,27000,2021-Q1
ROK,ROCKWELL AUTOMATION INC,2021-04-01 00:00:00-04:00,2021,2,4,244.49473571777344,246.69672861615538,252.16466651320175,237.93503422374118,12526600,112434397,27489618180.10222,27.48961818010222,,,,,,,,41.840374,31.270178,4.972041,11.574027,,,,42.088391263259695,Industrials,Specialty Industrial Machinery,United States,27000,2021-Q2
ROK,ROCKWELL AUTOMATION INC,2021-05-01 00:00:00-04:00,2021,2,5,243.99508666992188,246.8447059144373,253.6357360997468,234.4192083725906,13237900,112434397,27433440440.695404,27.433440440695403,,,,,,,,41.840374,31.270178,4.972041,11.574027,,,,24.29629265730955,Industrials,Specialty Industrial Machinery,United States,27000,2021-Q2
ROK,ROCKWELL AUTOMATION INC,2021-06-01 00:00:00-04:00,2021,2,6,265.6971130371094,248.32584061007282,268.9484238942168,246.51438465001206,20910100,112434397,29873494688.96823,29.873494688968233,,,,,,,,41.840374,31.270178,4.972041,11.574027,,,,36.62629354879612,Industrials,Specialty Industrial Machinery,United States,27000,2021-Q2
ROK,ROCKWELL AUTOMATION INC,2021-07-01 00:00:00-04:00,2021,3,7,285.5765380859375,267.54569621505334,286.84918933072385,260.42996779138963,12149900,112434397,32108625857.039917,32.10862585703992,,,,,,,,41.840374,31.270178,4.972041,11.574027,,,,43.388507126542606,Industrials,Specialty Industrial Machinery,United States,27000,2021-Q3
ROK,ROCKWELL AUTOMATION INC,2021-08-01 00:00:00-04:00,2021,3,8,302.325439453125,286.82133088556395,303.3008212599254,283.5700203973259,11389900,112434397,33991778482.67212,33.99177848267212,,,,,,,,41.840374,31.270178,4.972041,11.574027,,,,43.63966462039181,Industrials,Specialty Industrial Machinery,United States,27000,2021-Q3
ROK,ROCKWELL AUTOMATION INC,2021-09-01 00:00:00-04:00,2021,3,9,274.07177734375,302.93860849676116,304.9798880643737,273.9506010811315,11299800,112434397,30815095020.362793,30.815095020362794,,,,,,,,41.840374,31.270178,4.972041,11.574027,,,,35.43507812172471,Industrials,Specialty Industrial Machinery,United States,27000,2021-Q3
ROK,ROCKWELL AUTOMATION INC,2021-10-01 00:00:00-04:00,2021,4,10,297.7095642089844,273.6709532146991,298.8746768025113,269.8959997897244,8557100,112434397,33472795332.96994,33.47279533296994,,,,,,,,41.840374,31.270178,4.972041,11.574027,,,,36.91608437295682,Industrials,Specialty Industrial Machinery,United States,27000,2021-Q4
ROK,ROCKWELL AUTOMATION INC,2021-11-01 00:00:00-04:00,2021,4,11,313.36871337890625,298.15699561616134,329.4286081290319,294.4006735265323,13271400,112434397,35233422327.42316,35.233422327423156,,,,,,,,41.840374,31.270178,4.972041,11.574027,,,,33.718827513080065,Industrials,Specialty Industrial Machinery,United States,27000,2021-Q4
ROK,ROCKWELL AUTOMATION INC,2021-12-01 00:00:00-05:00,2021,4,12,326.26812744140625,318.57086435884605,332.0106560062502,309.89158165451585,12406100,112434397,36683760169.193665,36.68376016919366,,,,,,,,41.840374,31.270178,4.972041,11.574027,,,,41.214180098122036,Industrials,Specialty Industrial Machinery,United States,27000,2021-Q4
ROK,ROCKWELL AUTOMATION INC,2022-01-01 00:00:00-05:00,2022,1,1,270.49810791015625,326.2681218351806,326.4084062727224,257.5446453911992,14555000,112434397,30413291652.51935,30.413291652519348,,,,,,,,41.840374,31.270178,4.972041,11.574027,,,,18.150061426506568,Industrials,Specialty Industrial Machinery,United States,27000,2022-Q1
ROK,ROCKWELL AUTOMATION INC,2022-02-01 00:00:00-05:00,2022,1,2,249.32369995117188,272.0787835518332,276.42777350388866,234.4248894095779,13655500,112434397,28032559861.81894,28.03255986181894,,,,,,,,41.840374,31.270178,4.972041,11.574027,,,,11.251454416745954,Industrials,Specialty Industrial Machinery,United States,27000,2022-Q1
ROK,ROCKWELL AUTOMATION INC,2022-03-01 00:00:00-05:00,2022,1,3,262.9649353027344,250.31579765687218,270.80609098019806,237.44129481181415,16549200,112434397,29566303932.90695,29.56630393290695,,,,,,,,41.840374,31.270178,4.972041,11.574027,,,,7.076331465063901,Industrials,Specialty Industrial Machinery,United States,27000,2022-Q1
ROK,ROCKWELL AUTOMATION INC,2022-04-01 00:00:00-04:00,2022,2,4,237.27230834960938,264.8712834875788,267.39735739173807,236.50228653616568,12289700,112434397,26677568914.086395,26.677568914086397,,,,,,,,41.840374,31.270178,4.972041,11.574027,,,,-2.9540216262574637,Industrials,Specialty Industrial Machinery,United States,27000,2022-Q2
ROK,ROCKWELL AUTOMATION INC,2022-05-01 00:00:00-04:00,2022,2,5,200.20761108398438,235.70408584142524,237.80758563045316,179.43560619189884,28587800,112434397,22510222027.0383,22.5102220270383,,,,,,,,41.840374,31.270178,4.972041,11.574027,,,,-17.94604808791641,Industrials,Specialty Industrial Machinery,United States,27000,2022-Q2
ROK,ROCKWELL AUTOMATION INC,2022-06-01 00:00:00-04:00,2022,2,6,188.1981658935547,203.80659241802854,209.78368714132316,179.4827562883866,26438300,112434397,21159947298.747787,21.159947298747788,,,,,,,,41.840374,31.270178,4.972041,11.574027,,,,-29.16815552027867,Industrials,Specialty Industrial Machinery,United States,27000,2022-Q2
ROK,ROCKWELL AUTOMATION INC,2022-07-01 00:00:00-04:00,2022,3,7,241.04779052734375,188.49090801538952,241.62378277134522,182.14555603193085,18567200,112434397,27102062976.124207,27.102062976124206,,,,,,,,41.840374,31.270178,4.972041,11.574027,,,,-15.592579088270153,Industrials,Specialty Industrial Machinery,United States,27000,2022-Q3
ROK,ROCKWELL AUTOMATION INC,2022-08-01 00:00:00-04:00,2022,3,8,223.7302703857422,238.46054021668337,247.06264572342346,221.43573874634387,14983600,112434397,25154978041.46788,25.15497804146788,,,,,,,,41.840374,31.270178,4.972041,11.574027,,,,-25.99687582016029,Industrials,Specialty Industrial Machinery,United States,27000,2022-Q3
ROK,ROCKWELL AUTOMATION INC,2022-09-01 00:00:00-04:00,2022,3,9,204.020751953125,222.88539153431233,245.14547839127917,198.48181633470074,16383600,112434397,22938950221.33618,22.93895022133618,,,,,,,,41.840374,31.270178,4.972041,11.574027,,,,-25.559372099362378,Industrials,Specialty Industrial Machinery,United States,27000,2022-Q3
ROK,ROCKWELL AUTOMATION INC,2022-10-01 00:00:00-04:00,2022,4,10,242.138916015625,208.42156740454936,246.47331833327328,206.37291507755776,13719200,112434397,27224743012.45044,27.22474301245044,,,,,,,,41.840374,31.270178,4.972041,11.574027,,,,-18.666060776720705,Industrials,Specialty Industrial Machinery,United States,27000,2022-Q4
ROK,ROCKWELL AUTOMATION INC,2022-11-01 00:00:00-04:00,2022,4,11,250.59902954101562,244.65226867961312,264.06700797607806,218.9967228981736,16905100,112434397,28175950775.22928,28.17595077522928,,,,,,,,41.840374,31.270178,4.972041,11.574027,,,,-20.030616062808214,Industrials,Specialty Industrial Machinery,United States,27000,2022-Q4
ROK,ROCKWELL AUTOMATION INC,2022-12-01 00:00:00-05:00,2022,4,12,245.43460083007812,253.01955742375773,263.78714648493667,236.99203899709792,13883600,112434397,27595291347.265533,27.595291347265533,,,,,,,,41.840374,31.270178,4.972041,11.574027,,,,-24.775183296396253,Industrials,Specialty Industrial Machinery,United States,27000,2022-Q4
ROK,ROCKWELL AUTOMATION INC,2023-01-01 00:00:00-05:00,2023,1,1,268.74212646484375,247.51185211283075,280.3482575366564,243.4620912986651,15806100,112434397,30215858937.57245,30.21585893757245,,,,,,,,41.840374,31.270178,4.972041,11.574027,,,,-0.649165888397174,Industrials,Specialty Industrial Machinery,United States,27000,2023-Q1
ROK,ROCKWELL AUTOMATION INC,2023-02-01 00:00:00-05:00,2023,1,2,281.0343322753906,266.32178731825195,285.2937288763713,264.0062840258384,11555400,112434397,31597925685.681183,31.597925685681183,,,,,,,,41.840374,31.270178,4.972041,11.574027,,,,12.718659449714975,Industrials,Specialty Industrial Machinery,United States,27000,2023-Q1
ROK,ROCKWELL AUTOMATION INC,2023-03-01 00:00:00-05:00,2023,1,3,280.7437438964844,280.7819908912133,295.9648215590642,258.72048201563695,16315200,112434397,31565253556.52365,31.56525355652365,,,,,,,,41.840374,31.270178,4.972041,11.574027,,,,6.760904670914547,Industrials,Specialty Industrial Machinery,United States,27000,2023-Q1
ROK,ROCKWELL AUTOMATION INC,2023-04-01 00:00:00-04:00,2023,2,4,271.1384582519531,278.5624625449708,281.3655876518319,258.12732724219273,14408100,112434397,30485289057.068024,30.485289057068023,,,,,,,,41.840374,31.270178,4.972041,11.574027,,,,14.27311519743113,Industrials,Specialty Industrial Machinery,United States,27000,2023-Q2
ROK,ROCKWELL AUTOMATION INC,2023-05-01 00:00:00-04:00,2023,2,5,266.5367431640625,271.7220430966877,278.055424409312,255.075461608386,16352700,112434397,29967897995.99524,29.96789799599524,,,,,,,,41.840374,31.270178,4.972041,11.574027,,,,33.13017508223199,Industrials,Specialty Industrial Machinery,United States,27000,2023-Q2
ROK,ROCKWELL AUTOMATION INC,2023-06-01 00:00:00-04:00,2023,2,6,316.5660095214844,267.3394818396694,318.43973208696485,265.1198227653548,16335400,112434397,35592908391.244354,35.59290839124436,,,,,,,,41.840374,31.270178,4.972041,11.574027,,,,68.20887069671808,Industrials,Specialty Industrial Machinery,United States,27000,2023-Q2
ROK,ROCKWELL AUTOMATION INC,2023-07-01 00:00:00-04:00,2023,3,7,323.1384582519531,316.5659588766714,334.89015153068897,309.0325379412954,12228800,112434397,36331877701.06802,36.331877701068024,,,,,,,,41.840374,31.270178,4.972041,11.574027,,,,34.05576443783966,Industrials,Specialty Industrial Machinery,United States,27000,2023-Q3
ROK,ROCKWELL AUTOMATION INC,2023-08-01 00:00:00-04:00,2023,3,8,299.8752136230469,290.18943351303125,305.31386678989855,276.64084813650976,19648000,112434397,33716288818.95346,33.71628881895346,,,,,,,,41.840374,31.270178,4.972041,11.574027,,,,34.03426058799295,Industrials,Specialty Industrial Machinery,United States,27000,2023-Q3
ROK,ROCKWELL AUTOMATION INC,2023-09-01 00:00:00-04:00,2023,3,9,275.7776794433594,302.847050640302,303.6959879496595,268.3205971604129,15243200,112434397,31006897094.273407,31.006897094273405,,,,,,,,41.840374,31.270178,4.972041,11.574027,,,,35.17138663753232,Industrials,Specialty Industrial Machinery,United States,27000,2023-Q3
ROK,ROCKWELL AUTOMATION INC,2023-10-01 00:00:00-04:00,2023,4,10,253.53176879882812,275.6136757108952,292.4186645647633,251.40942569388864,17045800,112434397,28505691545.239655,28.505691545239653,,,,,,,,41.840374,31.270178,4.972041,11.574027,,,,4.705089529048667,Industrials,Specialty Industrial Machinery,United States,27000,2023-Q4
ROK,ROCKWELL AUTOMATION INC,2023-11-01 00:00:00-04:00,2023,4,11,265.7158508300781,254.8823048759167,267.62595938083956,243.28667032964037,24164600,112434397,29875601461.421783,29.875601461421784,,,,,,,,41.840374,31.270178,4.972041,11.574027,,,,6.03227447318917,Industrials,Specialty Industrial Machinery,United States,27000,2023-Q4
ROK,ROCKWELL AUTOMATION INC,2023-12-01 00:00:00-05:00,2023,4,12,300.98211669921875,267.25636933606376,303.19236803386787,265.918580183826,14560500,112434397,33840742798.86029,33.84074279886029,,,,,,,,41.840374,31.270178,4.972041,11.574027,,,,22.632308436249325,Industrials,Specialty Industrial Machinery,United States,27000,2023-Q4
ROK,ROCKWELL AUTOMATION INC,2024-01-01 00:00:00-05:00,2024,1,1,245.5319366455078,297.8800282546317,300.51682220052606,244.39772976901787,18102000,112434397,27606235240.979874,27.606235240979874,,,,,,,,41.840374,31.270178,4.972041,11.574027,,,,-8.636602725688503,Industrials,Specialty Industrial Machinery,United States,27000,2024-Q1
ROK,ROCKWELL AUTOMATION INC,2024-02-01 00:00:00-05:00,2024,1,2,276.359130859375,250.15600429270924,278.9571697091208,249.70038083622563,27215500,112434397,31072272233.61792,31.07227223361792,,,,,,,,41.840374,31.270178,4.972041,11.574027,,,,-1.6635694927957467,Industrials,Specialty Industrial Machinery,United States,27000,2024-Q1
ROK,ROCKWELL AUTOMATION INC,2024-03-01 00:00:00-05:00,2024,1,3,283.6781311035156,277.51440322277705,290.78641259462705,256.7641181169806,19245600,112434397,31895179612.710724,31.895179612710724,,,,,,,,41.840374,31.270178,4.972041,11.574027,,,,1.0452190906570014,Industrials,Specialty Industrial Machinery,United States,27000,2024-Q1
ROK,ROCKWELL AUTOMATION INC,2024-04-01 00:00:00-04:00,2024,2,4,263.8431396484375,283.48338115031567,283.5418028536292,262.39228448944556,19126800,112434397,29665044308.958862,29.665044308958862,2051000000.0,2051.0,795000000.0,232000000.0,294000000.0,374000000.0,3.615924464768267,41.840374,31.270178,4.972041,11.574027,,,,-2.6906248012727563,Industrials,Specialty Industrial Machinery,United States,27000,2024-Q2
ROK,ROCKWELL AUTOMATION INC,2024-05-01 00:00:00-04:00,2024,2,5,250.76593017578125,263.1420915739349,275.09955412604285,247.76682510930917,22267200,112434397,28194716147.45807,28.19471614745807,2051000000.0,2051.0,795000000.0,232000000.0,294000000.0,374000000.0,3.436703577213319,41.840374,31.270178,4.972041,11.574027,,0.0,,-5.916937680360935,Industrials,Specialty Industrial Machinery,United States,27000,2024-Q2
ROK,ROCKWELL AUTOMATION INC,2024-06-01 00:00:00-04:00,2024,2,6,269.2941589355469,262.2702919733195,271.22132336515944,243.5856069176725,19878200,112434397,30277926375.540375,30.277926375540375,2051000000.0,2051.0,795000000.0,232000000.0,294000000.0,374000000.0,3.6906297386080418,41.840374,31.270178,4.972041,11.574027,,0.0,,-14.932699394161997,Industrials,Specialty Industrial Machinery,United States,27000,2024-Q2
ROK,ROCKWELL AUTOMATION INC,2024-07-01 00:00:00-04:00,2024,3,7,272.5908508300781,268.844145926903,288.2429366323893,252.40943792208566,15466000,112434397,30648587940.796783,30.648587940796784,2035500000.0,2035.5,770600000.0,239100000.0,283700000.0,396400000.0,3.7642579146151784,41.840374,31.270178,4.972041,11.574027,,-0.7557289127254951,,-15.642708607114386,Industrials,Specialty Industrial Machinery,United States,27000,2024-Q3
ROK,ROCKWELL AUTOMATION INC,2024-08-01 00:00:00-04:00,2024,3,8,266.1148376464844,268.78548586050454,270.87893706847854,237.53021126053125,15786100,112434397,29920461303.53537,29.92046130353537,2035500000.0,2035.5,770600000.0,239100000.0,283700000.0,396400000.0,3.67482944037526,41.840374,31.270178,4.972041,11.574027,,0.0,-0.7557289127254951,-11.258141534498556,Industrials,Specialty Industrial Machinery,United States,27000,2024-Q3
ROK,ROCKWELL AUTOMATION INC,2024-09-01 00:00:00-04:00,2024,3,9,263.9002990722656,264.9128037081603,273.21929562344815,245.0854004015361,14696100,112434397,29671470994.309845,29.671470994309846,2035500000.0,2035.5,770600000.0,239100000.0,283700000.0,396400000.0,3.644248464051811,41.840374,31.270178,4.972041,11.574027,,0.0,-0.7557289127254951,-4.306867907173462,Industrials,Specialty Industrial Machinery,United States,27000,2024-Q3
ROK,ROCKWELL AUTOMATION INC,2024-10-01 00:00:00-04:00,2024,4,10,262.17999267578125,263.6840048298125,272.34436690617963,255.8887009856912,11467700,112434397,29478049381.96588,29.47804938196588,1881000000.0,1881.0,722000000.0,184000000.0,246000000.0,330000000.0,3.9178694021751572,41.840374,31.270178,4.972041,11.574027,,-7.590272660280029,-8.288639687957088,3.411100675046086,Industrials,Specialty Industrial Machinery,United States,27000,2024-Q4
ROK,ROCKWELL AUTOMATION INC,2024-11-01 00:00:00-04:00,2024,4,11,290.1271667480469,263.4481155701474,298.394299497757,258.2184666731892,23128500,112434397,32620273046.6351,32.6202730466351,1881000000.0,1881.0,722000000.0,184000000.0,246000000.0,330000000.0,4.335496151865378,41.840374,31.270178,4.972041,11.574027,,0.0,-7.590272660280029,9.187000264270818,Industrials,Specialty Industrial Machinery,United States,27000,2024-Q4
ROK,ROCKWELL AUTOMATION INC,2024-12-01 00:00:00-05:00,2024,4,12,282.2279968261719,291.8169654941762,300.49741767775316,276.37188388676,19216900,112434397,31732134639.66855,31.732134639668548,1881000000.0,1881.0,722000000.0,184000000.0,246000000.0,330000000.0,4.217455427919797,41.840374,31.270178,4.972041,11.574027,,0.0,-7.590272660280029,-6.2309748096391,Industrials,Specialty Industrial Machinery,United States,27000,2024-Q4
ROK,ROCKWELL AUTOMATION INC,2025-01-01 00:00:00-05:00,2025,1,1,274.959716796875,283.3833999859353,289.3283876272331,266.18053501599485,13655200,112434397,30914929957.347412,30.91492995734741,2001000000.0,2001.0,810000000.0,252000000.0,341000000.0,419000000.0,3.862435027154849,41.840374,31.270178,4.972041,11.574027,,6.379585326953752,-1.6949152542372836,11.9853166775018,Industrials,Specialty Industrial Machinery,United States,27000,2025-Q1
ROK,ROCKWELL AUTOMATION INC,2025-02-01 00:00:00-05:00,2025,1,2,283.571044921875,268.6790106519848,304.8524704496439,262.85255246002714,19111600,112434397,31883139442.450928,31.88313944245093,2001000000.0,2001.0,810000000.0,252000000.0,341000000.0,419000000.0,3.9834007299413954,41.840374,31.270178,4.972041,11.574027,,0.0,6.379585326953752,2.6096167114412427,Industrials,Specialty Industrial Machinery,United States,27000,2025-Q1
ROK,ROCKWELL AUTOMATION INC,2025-03-01 00:00:00-05:00,2025,1,3,256.3000793457031,287.625851120802,289.81808270313536,247.04518281963706,18895600,112434397,28816944872.286285,28.816944872286285,2001000000.0,2001.0,810000000.0,252000000.0,341000000.0,419000000.0,3.6003179500607554,41.840374,31.270178,4.972041,11.574027,,0.0,6.379585326953752,-9.65109705542374,Industrials,Specialty Industrial Machinery,United States,27000,2025-Q1
ROK,ROCKWELL AUTOMATION INC,2025-04-01 00:00:00-04:00,2025,2,4,245.68621826171875,255.50651918697463,260.505956670928,213.26929299216928,24259300,112434397,27623581801.466736,27.623581801466734,2144000000.0,2144.0,876000000.0,295000000.0,378000000.0,464000000.0,3.2210333257307293,41.840374,31.270178,4.972041,11.574027,,7.146426786606708,13.981924508240295,-6.881710629623439,Industrials,Specialty Industrial Machinery,United States,27000,2025-Q2
ROK,ROCKWELL AUTOMATION INC,2025-05-01 00:00:00-04:00,2025,2,5,313.0098571777344,247.04518745375805,313.6744770967182,244.9918433815799,22527000,112434397,35193074546.83469,35.19307454683469,2144000000.0,2144.0,876000000.0,295000000.0,378000000.0,464000000.0,4.103670073091731,41.840374,31.270178,4.972041,11.574027,,0.0,7.146426786606708,24.821524582036147,Industrials,Specialty Industrial Machinery,United States,27000,2025-Q2
ROK,ROCKWELL AUTOMATION INC,2025-06-01 00:00:00-04:00,2025,2,6,330.8987121582031,313.79441284970335,331.4067395826679,309.98902568975166,16182300,112434397,37204397169.58414,37.204397169584134,2144000000.0,2144.0,876000000.0,295000000.0,378000000.0,464000000.0,4.338199296826509,41.840374,31.270178,4.972041,11.574027,,0.0,7.146426786606708,22.876305028732812,Industrials,Specialty Industrial Machinery,United States,27000,2025-Q2
ROK,ROCKWELL AUTOMATION INC,2025-07-01 00:00:00-04:00,2025,3,7,350.3638916015625,329.13545380893777,359.5386640518012,328.66725142417823,18236200,112434397,39392952882.795044,39.39295288279504,,,,,,,,41.840374,31.270178,4.972041,11.574027,,0.0,7.146426786606708,28.531053237720315,Industrials,Specialty Industrial Machinery,United States,27000,2025-Q3
ROK,ROCKWELL AUTOMATION INC,2025-08-01 00:00:00-04:00,2025,3,8,342.1156005859375,341.5976016996888,355.99227971143165,304.2710075030118,22829400,112434397,38465561256.17273,38.46556125617273,,,,,,,,41.840374,31.270178,4.972041,11.574027,,0.0,0.0,28.559385719189034,Industrials,Specialty Industrial Machinery,United States,27000,2025-Q3
ROK,ROCKWELL AUTOMATION INC,2025-09-01 00:00:00-04:00,2025,3,9,349.5299987792969,338.7099914550781,351.510009765625,334.29998779296875,15462500,112434397,39299194646.16098,39.29919464616098,,,,,,,,41.840374,31.270178,4.972041,11.574027,,0.0,0.0,32.4477463678746,Industrials,Specialty Industrial Machinery,United States,27000,2025-Q3
ROK,ROCKWELL AUTOMATION INC,2025-10-01 00:00:00-04:00,2025,4,10,356.4800109863281,347.5400085449219,361.6000061035156,332.7099914550781,12707261,112434397,40080615077.80118,40.08061507780118,,,,,,,,41.840374,31.270178,4.972041,11.574027,,0.0,0.0,35.96766379773333,Industrials,Specialty Industrial Machinery,United States,27000,2025-Q4
