ticker,company_name,date,year,quarter,month,close_price,open_price,high_price,low_price,volume,shares_outstanding,market_cap,market_cap_billions,revenue,revenue_millions,gross_profit,net_income,operating_income,ebitda,ps_ratio,current_pe,forward_pe,current_ps,current_pb,peg_ratio,revenue_qoq_pct,revenue_yoy_pct,market_cap_yoy_pct,sector,industry,country,employees,year_quarter
SHOP,SHOPIFY INC - CLASS A,2015-05-01 00:00:00-04:00,2015,2,5,2.7200000286102295,1.7000000476837158,3.109999895095825,1.7000000476837158,174183000,1220418767,3319539081.156461,3.319539081156461,,,,,,,,92.46111,89.96216,21.616158,17.836243,,,,,Technology,Software - Application,Canada,8100,2015-Q2
SHOP,SHOPIFY INC - CLASS A,2015-06-01 00:00:00-04:00,2015,2,6,3.3949999809265137,2.7200000286102295,4.2129998207092285,2.5510001182556152,131118000,1220418767,4143321690.6873593,4.143321690687359,,,,,,,,92.46111,89.96216,21.616158,17.836243,,,,,Technology,Software - Application,Canada,8100,2015-Q2
SHOP,SHOPIFY INC - CLASS A,2015-07-01 00:00:00-04:00,2015,3,7,3.739000082015991,3.4030001163482666,4.025000095367432,2.8499999046325684,89926000,1220418767,4563145869.906855,4.563145869906855,,,,,,,,92.46111,89.96216,21.616158,17.836243,,,,,Technology,Software - Application,Canada,8100,2015-Q3
SHOP,SHOPIFY INC - CLASS A,2015-08-01 00:00:00-04:00,2015,3,8,2.753999948501587,3.749000072479248,4.111000061035156,2.2699999809265137,65836000,1220418767,3361033221.4683704,3.3610332214683702,,,,,,,,92.46111,89.96216,21.616158,17.836243,,,,,Technology,Software - Application,Canada,8100,2015-Q3
SHOP,SHOPIFY INC - CLASS A,2015-09-01 00:00:00-04:00,2015,3,9,3.5199999809265137,2.7290000915527344,3.7950000762939453,2.555000066757202,72092000,1220418767,4295874036.562359,4.295874036562359,,,,,,,,92.46111,89.96216,21.616158,17.836243,,,,,Technology,Software - Application,Canada,8100,2015-Q3
SHOP,SHOPIFY INC - CLASS A,2015-10-01 00:00:00-04:00,2015,4,10,3.2219998836517334,3.5369999408721924,3.928999900817871,2.9719998836517334,62476000,1220418767,3932189125.2803917,3.9321891252803916,,,,,,,,92.46111,89.96216,21.616158,17.836243,,,,,Technology,Software - Application,Canada,8100,2015-Q4
SHOP,SHOPIFY INC - CLASS A,2015-11-01 00:00:00-04:00,2015,4,11,2.634000062942505,3.2360000610351562,3.3929998874664307,2.552999973297119,153446000,1220418767,3214583109.0942144,3.2145831090942143,,,,,,,,92.46111,89.96216,21.616158,17.836243,,,,,Technology,Software - Application,Canada,8100,2015-Q4
SHOP,SHOPIFY INC - CLASS A,2015-12-01 00:00:00-05:00,2015,4,12,2.5799999237060547,2.618000030517578,2.740000009536743,2.4059998989105225,84762000,1220418767,3148680325.7494373,3.1486803257494373,,,,,,,,92.46111,89.96216,21.616158,17.836243,,,,,Technology,Software - Application,Canada,8100,2015-Q4
SHOP,SHOPIFY INC - CLASS A,2016-01-01 00:00:00-05:00,2016,1,1,2.322000026702881,2.5420000553131104,2.6500000953674316,1.8480000495910645,96669000,1220418767,2833812409.562697,2.833812409562697,,,,,,,,92.46111,89.96216,21.616158,17.836243,,,,,Technology,Software - Application,Canada,8100,2016-Q1
SHOP,SHOPIFY INC - CLASS A,2016-02-01 00:00:00-05:00,2016,1,2,2.23799991607666,2.3259999752044678,2.4809999465942383,1.8580000400543213,179485000,1220418767,2731297098.124381,2.731297098124381,,,,,,,,92.46111,89.96216,21.616158,17.836243,,,,,Technology,Software - Application,Canada,8100,2016-Q1
SHOP,SHOPIFY INC - CLASS A,2016-03-01 00:00:00-05:00,2016,1,3,2.821000099182129,2.2669999599456787,2.878000020980835,2.2009999752044678,156268000,1220418767,3442801462.7507315,3.4428014627507313,,,,,,,,92.46111,89.96216,21.616158,17.836243,,,,,Technology,Software - Application,Canada,8100,2016-Q1
SHOP,SHOPIFY INC - CLASS A,2016-04-01 00:00:00-04:00,2016,2,4,3.184999942779541,2.7880001068115234,3.239000082015991,2.756500005722046,99431000,1220418767,3887033703.062078,3.887033703062078,,,,,,,,92.46111,89.96216,21.616158,17.836243,,,,,Technology,Software - Application,Canada,8100,2016-Q2
SHOP,SHOPIFY INC - CLASS A,2016-05-01 00:00:00-04:00,2016,2,5,2.928999900817871,3.187999963760376,3.187999963760376,2.496000051498413,152583000,1220418767,3574606447.4992685,3.5746064474992685,,,,,,,,92.46111,89.96216,21.616158,17.836243,,,,7.68381875034132,Technology,Software - Application,Canada,8100,2016-Q2
SHOP,SHOPIFY INC - CLASS A,2016-06-01 00:00:00-04:00,2016,2,6,3.0759999752044678,3.015000104904175,3.1510000228881836,2.634999990463257,166401000,1220418767,3754008097.031067,3.754008097031067,,,,,,,,92.46111,89.96216,21.616158,17.836243,,,,-9.396171060801873,Technology,Software - Application,Canada,8100,2016-Q2
SHOP,SHOPIFY INC - CLASS A,2016-07-01 00:00:00-04:00,2016,3,7,3.427000045776367,3.075000047683716,3.4760000705718994,3.0,177777000,1220418767,4182375170.3753376,4.182375170375337,,,,,,,,92.46111,89.96216,21.616158,17.836243,,,,-8.344477919117876,Technology,Software - Application,Canada,8100,2016-Q3
SHOP,SHOPIFY INC - CLASS A,2016-08-01 00:00:00-04:00,2016,3,8,4.136000156402588,3.441999912261963,4.361999988555908,3.2850000858306885,338808000,1220418767,5047652211.188654,5.047652211188654,,,,,,,,92.46111,89.96216,21.616158,17.836243,,,,50.181562590548644,Technology,Software - Application,Canada,8100,2016-Q3
SHOP,SHOPIFY INC - CLASS A,2016-09-01 00:00:00-04:00,2016,3,9,4.291999816894531,4.119999885559082,4.519999980926514,3.9779999256134033,175380000,1220418767,5238037124.49865,5.23803712449865,,,,,,,,92.46111,89.96216,21.616158,17.836243,,,,21.931813640658504,Technology,Software - Application,Canada,8100,2016-Q3
SHOP,SHOPIFY INC - CLASS A,2016-10-01 00:00:00-04:00,2016,4,10,4.144999980926514,4.323999881744385,4.5,4.014999866485596,107311000,1220418767,5058635765.937359,5.058635765937359,,,,,,,,92.46111,89.96216,21.616158,17.836243,,,,28.646807281342145,Technology,Software - Application,Canada,8100,2016-Q4
SHOP,SHOPIFY INC - CLASS A,2016-11-01 00:00:00-04:00,2016,4,11,4.166999816894531,4.13100004196167,4.545000076293945,3.7739999294281006,221189000,1220418767,5085484778.62365,5.085484778623649,,,,,,,,92.46111,89.96216,21.616158,17.836243,,,,58.20044484886895,Technology,Software - Application,Canada,8100,2016-Q4
SHOP,SHOPIFY INC - CLASS A,2016-12-01 00:00:00-05:00,2016,4,12,4.2870001792907715,4.181000232696533,4.423999786376953,3.86899995803833,141696000,1220418767,5231935472.938822,5.231935472938821,,,,,,,,92.46111,89.96216,21.616158,17.836243,,,,66.16280256057863,Technology,Software - Application,Canada,8100,2016-Q4
SHOP,SHOPIFY INC - CLASS A,2017-01-01 00:00:00-05:00,2017,1,1,5.081999778747559,4.328000068664551,5.199999809265137,4.213500022888184,240575000,1220418767,6202167903.873368,6.202167903873368,,,,,,,,92.46111,89.96216,21.616158,17.836243,,,,118.8630370501646,Technology,Software - Application,Canada,8100,2017-Q1
SHOP,SHOPIFY INC - CLASS A,2017-02-01 00:00:00-05:00,2017,1,2,5.921000003814697,5.164000034332275,6.435999870300293,5.061999797821045,288087000,1220418767,7226099524.062529,7.226099524062529,,,,,,,,92.46111,89.96216,21.616158,17.836243,,,,164.5665873926637,Technology,Software - Application,Canada,8100,2017-Q1
SHOP,SHOPIFY INC - CLASS A,2017-03-01 00:00:00-05:00,2017,1,3,6.809000015258789,6.017000198364258,7.300000190734863,5.86269998550415,328850000,1220418767,8309831403.125113,8.309831403125113,,,,,,,,92.46111,89.96216,21.616158,17.836243,,,,141.36830116499715,Technology,Software - Application,Canada,8100,2017-Q1
SHOP,SHOPIFY INC - CLASS A,2017-04-01 00:00:00-04:00,2017,2,4,7.59499979019165,6.815999984741211,7.818999767303467,6.7220001220703125,246022000,1220418767,9269080279.310953,9.269080279310954,,,,,,,,92.46111,89.96216,21.616158,17.836243,,,,138.46153615825548,Technology,Software - Application,Canada,8100,2017-Q2
SHOP,SHOPIFY INC - CLASS A,2017-05-01 00:00:00-04:00,2017,2,5,9.185999870300293,7.570000171661377,9.588000297546387,7.48199987411499,615083000,1220418767,11210766635.374043,11.210766635374043,,,,,,,,92.46111,89.96216,21.616158,17.836243,,,,213.6224029142256,Technology,Software - Application,Canada,8100,2017-Q2
SHOP,SHOPIFY INC - CLASS A,2017-06-01 00:00:00-04:00,2017,2,6,8.6899995803833,9.24899959564209,10.079999923706055,8.154999732971191,519883000,1220418767,10605438573.121906,10.605438573121907,,,,,,,,92.46111,89.96216,21.616158,17.836243,,,,182.50974156154408,Technology,Software - Application,Canada,8100,2017-Q2
SHOP,SHOPIFY INC - CLASS A,2017-07-01 00:00:00-04:00,2017,3,7,9.237000465393066,8.71500015258789,9.680000305175781,8.479999542236328,286923000,1220418767,11273008718.753433,11.273008718753433,,,,,,,,92.46111,89.96216,21.616158,17.836243,,,,169.53604733029636,Technology,Software - Application,Canada,8100,2017-Q3
SHOP,SHOPIFY INC - CLASS A,2017-08-01 00:00:00-04:00,2017,3,8,11.092000007629395,10.392000198364258,11.156999588012695,8.821000099182129,485654000,1220418767,13536884972.875057,13.536884972875058,,,,,,,,92.46111,89.96216,21.616158,17.836243,,,,168.18180822500258,Technology,Software - Application,Canada,8100,2017-Q3
SHOP,SHOPIFY INC - CLASS A,2017-09-01 00:00:00-04:00,2017,3,9,11.64900016784668,11.180999755859375,12.394000053405762,10.803000450134277,264063000,1220418767,14216658421.626238,14.216658421626239,,,,,,,,92.46111,89.96216,21.616158,17.836243,,,,171.4119446602235,Technology,Software - Application,Canada,8100,2017-Q3
SHOP,SHOPIFY INC - CLASS A,2017-10-01 00:00:00-04:00,2017,4,10,9.949000358581543,11.699999809265137,12.069000244140625,8.9350004196167,1198317000,1220418767,12141946750.502644,12.141946750502644,,,,,,,,92.46111,89.96216,21.616158,17.836243,,,,140.0241352077808,Technology,Software - Application,Canada,8100,2017-Q4
SHOP,SHOPIFY INC - CLASS A,2017-11-01 00:00:00-04:00,2017,4,11,10.381999969482422,9.973999977111816,11.706999778747559,9.5,381076000,1220418767,12670387601.749775,12.670387601749775,,,,,,,,92.46111,89.96216,21.616158,17.836243,,,,149.14807837019865,Technology,Software - Application,Canada,8100,2017-Q4
SHOP,SHOPIFY INC - CLASS A,2017-12-01 00:00:00-05:00,2017,4,12,10.100000381469727,10.390000343322754,10.803999900817871,9.241000175476074,223189000,1220418767,12326230012.252813,12.326230012252813,,,,,,,,92.46111,89.96216,21.616158,17.836243,,,,135.59598691550886,Technology,Software - Application,Canada,8100,2017-Q4
SHOP,SHOPIFY INC - CLASS A,2018-01-01 00:00:00-05:00,2018,1,1,12.791999816894531,10.159000396728516,13.04699993133545,10.10200023651123,239219000,1220418767,15611596643.99865,15.61159664399865,,,,,,,,92.46111,89.96216,21.616158,17.836243,,,,151.71193179483126,Technology,Software - Application,Canada,8100,2018-Q1
SHOP,SHOPIFY INC - CLASS A,2018-02-01 00:00:00-05:00,2018,1,2,13.821000099182129,12.70300006866455,14.612000465393066,11.206000328063965,476349000,1220418767,16867407899.750732,16.86740789975073,,,,,,,,92.46111,89.96216,21.616158,17.836243,,,,133.42340973277712,Technology,Software - Application,Canada,8100,2018-Q1
SHOP,SHOPIFY INC - CLASS A,2018-03-01 00:00:00-05:00,2018,1,3,12.458999633789062,13.699999809265137,15.482000350952148,11.857000350952148,385229000,1220418767,15205196971.1223,15.2051969711223,,,,,,,,92.46111,89.96216,21.616158,17.836243,,,,82.9784051383283,Technology,Software - Application,Canada,8100,2018-Q1
SHOP,SHOPIFY INC - CLASS A,2018-04-01 00:00:00-04:00,2018,2,4,13.36299991607666,12.470999717712402,13.442999839782715,11.25,403692000,1220418767,16308455880.999382,16.308455880999382,,,,,,,,92.46111,89.96216,21.616158,17.836243,,,,75.94470421623885,Technology,Software - Application,Canada,8100,2018-Q2
SHOP,SHOPIFY INC - CLASS A,2018-05-01 00:00:00-04:00,2018,2,5,14.809000015258789,12.508000373840332,15.097000122070312,11.880999565124512,388510000,1220418767,18073181539.125114,18.073181539125116,,,,,,,,92.46111,89.96216,21.616158,17.836243,,,,61.21271744340533,Technology,Software - Application,Canada,8100,2018-Q2
SHOP,SHOPIFY INC - CLASS A,2018-06-01 00:00:00-04:00,2018,2,6,14.58899974822998,14.949999809265137,17.51099967956543,14.039999961853027,317475000,1220418767,17804689084.498142,17.804689084498143,,,,,,,,92.46111,89.96216,21.616158,17.836243,,,,67.88262891477012,Technology,Software - Application,Canada,8100,2018-Q2
SHOP,SHOPIFY INC - CLASS A,2018-07-01 00:00:00-04:00,2018,3,7,13.821000099182129,14.270999908447266,17.659900665283203,13.32610034942627,313069000,1220418767,16867407899.750732,16.86740789975073,,,,,,,,92.46111,89.96216,21.616158,17.836243,,,,49.626495646105795,Technology,Software - Application,Canada,8100,2018-Q3
SHOP,SHOPIFY INC - CLASS A,2018-08-01 00:00:00-04:00,2018,3,8,14.567000389099121,13.868000030517578,15.118000030517578,13.234000205993652,300366000,1220418767,17777840653.75287,17.777840653752868,,,,,,,,92.46111,89.96216,21.616158,17.836243,,,,31.32888910096936,Technology,Software - Application,Canada,8100,2018-Q3
SHOP,SHOPIFY INC - CLASS A,2018-09-01 00:00:00-04:00,2018,3,9,16.445999145507812,14.609999656677246,16.895000457763672,13.0600004196167,269900000,1220418767,20071005999.2437,20.0710059992437,,,,,,,,92.46111,89.96216,21.616158,17.836243,,,,41.179491016763016,Technology,Software - Application,Canada,8100,2018-Q3
SHOP,SHOPIFY INC - CLASS A,2018-10-01 00:00:00-04:00,2018,4,10,13.8149995803833,16.643999099731445,16.68600082397461,12.204999923706055,471891000,1220418767,16860084753.996906,16.860084753996905,,,,,,,,92.46111,89.96216,21.616158,17.836243,,,,38.8581674787772,Technology,Software - Application,Canada,8100,2018-Q4
SHOP,SHOPIFY INC - CLASS A,2018-11-01 00:00:00-04:00,2018,4,11,15.265999794006348,13.876999855041504,15.288999557495117,12.199999809265137,303594000,1220418767,18630912645.62348,18.630912645623482,,,,,,,,92.46111,89.96216,21.616158,17.836243,,,,47.04295741552975,Technology,Software - Application,Canada,8100,2018-Q4
SHOP,SHOPIFY INC - CLASS A,2018-12-01 00:00:00-05:00,2018,4,12,13.845000267028809,15.656000137329102,16.413000106811523,11.763999938964844,417055000,1220418767,16896698155.001968,16.896698155001967,,,,,,,,92.46111,89.96216,21.616158,17.836243,,,,37.079205387258796,Technology,Software - Application,Canada,8100,2018-Q4
SHOP,SHOPIFY INC - CLASS A,2019-01-01 00:00:00-05:00,2019,1,1,16.847000122070312,13.399999618530273,16.959999084472656,12.947999954223633,246804000,1220418767,20560395116.6259,20.5603951166259,,,,,,,,92.46111,89.96216,21.616158,17.836243,,,,31.699502526730015,Technology,Software - Application,Canada,8100,2019-Q1
SHOP,SHOPIFY INC - CLASS A,2019-02-01 00:00:00-05:00,2019,1,2,18.915000915527344,16.836000442504883,19.113000869750977,16.062999725341797,300772000,1220418767,23084222095.131752,23.084222095131754,,,,,,,,92.46111,89.96216,21.616158,17.836243,,,,36.856962446926374,Technology,Software - Application,Canada,8100,2019-Q1
SHOP,SHOPIFY INC - CLASS A,2019-03-01 00:00:00-05:00,2019,1,3,20.66200065612793,19.084999084472656,20.958999633789062,18.100000381469727,280654000,1220418767,25216293364.504837,25.216293364504835,,,,,,,,92.46111,89.96216,21.616158,17.836243,,,,65.83996519345068,Technology,Software - Application,Canada,8100,2019-Q1
SHOP,SHOPIFY INC - CLASS A,2019-04-01 00:00:00-04:00,2019,2,4,24.35300064086914,20.843000411987305,24.75,19.038000106811523,396625000,1220418767,29720859014.879726,29.720859014879725,,,,,,,,92.46111,89.96216,21.616158,17.836243,,,,82.2420174647364,Technology,Software - Application,Canada,8100,2019-Q2
SHOP,SHOPIFY INC - CLASS A,2019-05-01 00:00:00-04:00,2019,2,5,27.489999771118164,24.28499984741211,28.59600067138672,23.73900032043457,445621000,1220418767,33549311625.498314,33.54931162549831,,,,,,,,92.46111,89.96216,21.616158,17.836243,,,,85.63035817943965,Technology,Software - Application,Canada,8100,2019-Q2
SHOP,SHOPIFY INC - CLASS A,2019-06-01 00:00:00-04:00,2019,2,6,30.014999389648438,27.42799949645996,33.89400100708008,26.216999053955078,393012000,1220418767,36630868546.6205,36.6308685466205,,,,,,,,92.46111,89.96216,21.616158,17.836243,,,,105.73719862658871,Technology,Software - Application,Canada,8100,2019-Q2
SHOP,SHOPIFY INC - CLASS A,2019-07-01 00:00:00-04:00,2019,3,7,31.788000106811523,30.860000610351562,34.08359909057617,30.033000946044922,377178000,1220418767,38794671895.750786,38.79467189575079,,,,,,,,92.46111,89.96216,21.616158,17.836243,,,,129.99782851237086,Technology,Software - Application,Canada,8100,2019-Q3
SHOP,SHOPIFY INC - CLASS A,2019-08-01 00:00:00-04:00,2019,3,8,38.53900146484375,33.4010009765625,40.96099853515625,31.339000701904297,492425000,1220418767,47033720649.1358,47.0337206491358,,,,,,,,92.46111,89.96216,21.616158,17.836243,,,,164.56374294932763,Technology,Software - Application,Canada,8100,2019-Q3
SHOP,SHOPIFY INC - CLASS A,2019-09-01 00:00:00-04:00,2019,3,9,31.166000366210938,38.400001525878906,39.57500076293945,28.60700035095215,620265000,1220418767,38035571739.2527,38.0355717392527,,,,,,,,92.46111,89.96216,21.616158,17.836243,,,,89.5050588928424,Technology,Software - Application,Canada,8100,2019-Q3
SHOP,SHOPIFY INC - CLASS A,2019-10-01 00:00:00-04:00,2019,4,10,31.35700035095215,31.166000366210938,34.944000244140625,29.106000900268555,550029000,1220418767,38268671705.12759,38.26867170512759,,,,,,,,92.46111,89.96216,21.616158,17.836243,,,,126.97793198255121,Technology,Software - Application,Canada,8100,2019-Q4
SHOP,SHOPIFY INC - CLASS A,2019-11-01 00:00:00-04:00,2019,4,11,33.67499923706055,31.625,34.400001525878906,28.20800018310547,368112000,1220418767,41097601047.61937,41.09760104761937,,,,,,,,92.46111,89.96216,21.616158,17.836243,,,,120.58823327301388,Technology,Software - Application,Canada,8100,2019-Q4
SHOP,SHOPIFY INC - CLASS A,2019-12-01 00:00:00-05:00,2019,4,12,39.757999420166016,33.599998474121094,41.65999984741211,31.153200149536133,520875000,1220418767,48521408630.74573,48.521408630745725,,,,,,,,92.46111,89.96216,21.616158,17.836243,,,,187.16503180464179,Technology,Software - Application,Canada,8100,2019-Q4
SHOP,SHOPIFY INC - CLASS A,2020-01-01 00:00:00-05:00,2020,1,1,46.566001892089844,40.39899826049805,48.2869987487793,39.54199981689453,376433000,1220418767,56830022613.263954,56.83002261326396,,,,,,,,92.46111,89.96216,21.616158,17.836243,,,,176.40530393946116,Technology,Software - Application,Canada,8100,2020-Q1
SHOP,SHOPIFY INC - CLASS A,2020-02-01 00:00:00-05:00,2020,1,2,46.33100128173828,46.82500076293945,59.388999938964844,42.04999923706055,547234000,1220418767,56543223458.13445,56.543223458134456,,,,,,,,92.46111,89.96216,21.616158,17.836243,,,,144.94316171935847,Technology,Software - Application,Canada,8100,2020-Q1
SHOP,SHOPIFY INC - CLASS A,2020-03-01 00:00:00-05:00,2020,1,3,41.69300079345703,48.31999969482422,51.400001525878906,30.530000686645508,702948000,1220418767,50882920620.88085,50.88292062088085,,,,,,,,92.46111,89.96216,21.616158,17.836243,,,,101.78588456820972,Technology,Software - Application,Canada,8100,2020-Q1
SHOP,SHOPIFY INC - CLASS A,2020-04-01 00:00:00-04:00,2020,2,4,63.229000091552734,40.29899978637695,66.5739974975586,33.45500183105469,870616000,1220418767,77165858330.37567,77.16585833037567,,,,,,,,92.46111,89.96216,21.616158,17.836243,,,,159.635356743029,Technology,Software - Application,Canada,8100,2020-Q2
SHOP,SHOPIFY INC - CLASS A,2020-05-01 00:00:00-04:00,2020,2,5,75.77999877929688,61.5,84.4000015258789,59.50299835205078,831037000,1220418767,92483332673.491,92.48333267349099,,,,,,,,92.46111,89.96216,21.616158,17.836243,,,,175.6638756283791,Technology,Software - Application,Canada,8100,2020-Q2
SHOP,SHOPIFY INC - CLASS A,2020-06-01 00:00:00-04:00,2020,2,6,94.91999816894531,75.47200012207031,95.8759994506836,70.2020034790039,554784000,1220418767,115842147128.9865,115.8421471289865,,,,,,,,92.46111,89.96216,21.616158,17.836243,,,,216.24187939074653,Technology,Software - Application,Canada,8100,2020-Q2
SHOP,SHOPIFY INC - CLASS A,2020-07-01 00:00:00-04:00,2020,3,7,102.4000015258789,94.8010025024414,110.79199981689453,88.31800079345703,670953000,1220418767,124970883603.01126,124.97088360301126,,,,,,,,92.46111,89.96216,21.616158,17.836243,,,,222.1341423864431,Technology,Software - Application,Canada,8100,2020-Q3
SHOP,SHOPIFY INC - CLASS A,2020-08-01 00:00:00-04:00,2020,3,8,106.64199829101562,103.19999694824219,111.5989990234375,96.4739990234375,348649000,1220418767,130147896064.7374,130.1478960647374,,,,,,,,92.46111,89.96216,21.616158,17.836243,,,,176.71188727683344,Technology,Software - Application,Canada,8100,2020-Q3
SHOP,SHOPIFY INC - CLASS A,2020-09-01 00:00:00-04:00,2020,3,9,102.2969970703125,107.5,114.69100189208984,83.94000244140625,488876000,1220418767,124845175032.3534,124.8451750323534,,,,,,,,92.46111,89.96216,21.616158,17.836243,,,,228.23267621218167,Technology,Software - Application,Canada,8100,2020-Q3
SHOP,SHOPIFY INC - CLASS A,2020-10-01 00:00:00-04:00,2020,4,10,92.54299926757812,103.06300354003906,113.0,90.62200164794922,311212000,1220418767,112941213060.6196,112.9412130606196,,,,,,,,92.46111,89.96216,21.616158,17.836243,,,,195.12707922257647,Technology,Software - Application,Canada,8100,2020-Q4
SHOP,SHOPIFY INC - CLASS A,2020-11-01 00:00:00-04:00,2020,4,11,109.03800201416016,93.45700073242188,109.47000122070312,87.5,316236000,1220418767,133072023974.26486,133.07202397426485,,,,,,,,92.46111,89.96216,21.616158,17.836243,,,,223.79511353977978,Technology,Software - Application,Canada,8100,2020-Q4
SHOP,SHOPIFY INC - CLASS A,2020-12-01 00:00:00-05:00,2020,4,12,113.19499969482422,108.03800201416016,128.51849365234375,101.69999694824219,309581000,1220418767,138145301958.12274,138.14530195812273,,,,,,,,92.46111,89.96216,21.616158,17.836243,,,,184.70999885726025,Technology,Software - Application,Canada,8100,2020-Q4
SHOP,SHOPIFY INC - CLASS A,2021-01-01 00:00:00-05:00,2021,1,1,109.85900115966797,113.79900360107422,124.74500274658203,107.6050033569336,201363000,1220418767,134073986739.13354,134.07398673913355,,,,,,,,92.46111,89.96216,21.616158,17.836243,,,,135.92105118719604,Technology,Software - Application,Canada,8100,2021-Q1
SHOP,SHOPIFY INC - CLASS A,2021-02-01 00:00:00-05:00,2021,1,2,128.0970001220703,110.5999984741211,149.97500610351562,109.96800231933594,308102000,1220418767,156331982945.37592,156.33198294537593,,,,,,,,92.46111,89.96216,21.616158,17.836243,,,,176.48226150588448,Technology,Software - Application,Canada,8100,2021-Q1
SHOP,SHOPIFY INC - CLASS A,2021-03-01 00:00:00-05:00,2021,1,3,110.6500015258789,131.5,133.0,100.51399993896484,354918000,1220418767,135039338430.76126,135.03933843076126,,,,,,,,92.46111,89.96216,21.616158,17.836243,,,,165.39227069317457,Technology,Software - Application,Canada,8100,2021-Q1
SHOP,SHOPIFY INC - CLASS A,2021-04-01 00:00:00-04:00,2021,2,4,118.2509994506836,115.0,130.16099548339844,108.72599792480469,258271000,1220418767,144315738946.12094,144.31573894612094,,,,,,,,92.46111,89.96216,21.616158,17.836243,,,,87.02019528928417,Technology,Software - Application,Canada,8100,2021-Q2
SHOP,SHOPIFY INC - CLASS A,2021-05-01 00:00:00-04:00,2021,2,5,124.28700256347656,118.6729965209961,128.0989990234375,102.50749969482422,299450000,1220418767,151682190422.64392,151.6821904226439,,,,,,,,92.46111,89.96216,21.616158,17.836243,,,,64.01029897803565,Technology,Software - Application,Canada,8100,2021-Q2
SHOP,SHOPIFY INC - CLASS A,2021-06-01 00:00:00-04:00,2021,2,6,146.09800720214844,125.41699981689453,155.22300720214844,118.25,318992000,1220418767,178300749810.8031,178.3007498108031,,,,,,,,92.46111,89.96216,21.616158,17.836243,,,,53.916993279027324,Technology,Software - Application,Canada,8100,2021-Q2
SHOP,SHOPIFY INC - CLASS A,2021-07-01 00:00:00-04:00,2021,3,7,149.9929962158203,146.09800720214844,165.0,139.30099487304688,297735000,1220418767,183054267500.3471,183.0542675003471,,,,,,,,92.46111,89.96216,21.616158,17.836243,,,,46.4775331843267,Technology,Software - Application,Canada,8100,2021-Q3
SHOP,SHOPIFY INC - CLASS A,2021-08-01 00:00:00-04:00,2021,3,8,152.47799682617188,150.38299560546875,158.33700561523438,143.75,201685000,1220418767,186087008881.2266,186.08700888122658,,,,,,,,92.46111,89.96216,21.616158,17.836243,,,,42.98118871523231,Technology,Software - Application,Canada,8100,2021-Q3
SHOP,SHOPIFY INC - CLASS A,2021-09-01 00:00:00-04:00,2021,3,9,135.5780029296875,152.76499938964844,158.8000030517578,134.11399841308594,166559000,1220418767,165461939167.7716,165.46193916777162,,,,,,,,92.46111,89.96216,21.616158,17.836243,,,,32.53370755008549,Technology,Software - Application,Canada,8100,2021-Q3
SHOP,SHOPIFY INC - CLASS A,2021-10-01 00:00:00-04:00,2021,4,10,146.67300415039062,136.24600219726562,150.6719970703125,128.58999633789062,217684000,1220418767,179002486877.4056,179.0024868774056,,,,,,,,92.46111,89.96216,21.616158,17.836243,,,,58.491733908797805,Technology,Software - Application,Canada,8100,2021-Q4
SHOP,SHOPIFY INC - CLASS A,2021-11-01 00:00:00-04:00,2021,4,11,152.1790008544922,146.50999450683594,176.2917938232422,145.2050018310547,225941000,1220418767,185722108586.1313,185.7221085861313,,,,,,,,92.46111,89.96216,21.616158,17.836243,,,,39.56510394855688,Technology,Software - Application,Canada,8100,2021-Q4
SHOP,SHOPIFY INC - CLASS A,2021-12-01 00:00:00-05:00,2021,4,12,137.73899841308594,154.66000366210938,155.8000030517578,127.18890380859375,229470000,1220418767,168099258611.11328,168.09925861111327,,,,,,,,92.46111,89.96216,21.616158,17.836243,,,,21.68293545159483,Technology,Software - Application,Canada,8100,2021-Q4
SHOP,SHOPIFY INC - CLASS A,2022-01-01 00:00:00-05:00,2022,1,1,96.42400360107422,139.19000244140625,139.36700439453125,78.0,518355000,1220418767,117677663584.02655,117.67766358402655,,,,,,,,92.46111,89.96216,21.616158,17.836243,,,,-12.229309766859664,Technology,Software - Application,Canada,8100,2022-Q1
SHOP,SHOPIFY INC - CLASS A,2022-02-01 00:00:00-05:00,2022,1,2,69.4260025024414,98.43000030517578,98.8499984741211,58.50299835205078,558404000,1220418767,84728796371.76846,84.72879637176847,,,,,,,,92.46111,89.96216,21.616158,17.836243,,,,-45.80200751283656,Technology,Software - Application,Canada,8100,2022-Q1
SHOP,SHOPIFY INC - CLASS A,2022-03-01 00:00:00-05:00,2022,1,3,67.59600067138672,68.8949966430664,78.0,51.00199890136719,718515000,1220418767,82495427793.50494,82.49542779350494,,,,,,,,92.46111,89.96216,21.616158,17.836243,,,,-38.910077054470435,Technology,Software - Application,Canada,8100,2022-Q1
SHOP,SHOPIFY INC - CLASS A,2022-04-01 00:00:00-04:00,2022,2,4,42.68199920654297,68.75599670410156,74.13400268554688,41.117000579833984,695537000,1220418767,52089912844.74415,52.08991284474415,,,,,,,,92.46111,89.96216,21.616158,17.836243,,,,-63.90559115371922,Technology,Software - Application,Canada,8100,2022-Q2
SHOP,SHOPIFY INC - CLASS A,2022-05-01 00:00:00-04:00,2022,2,5,37.512001037597656,42.1150016784668,48.79899978637695,30.805999755859375,1173282000,1220418767,45780350054.00765,45.780350054007656,,,,,,,,92.46111,89.96216,21.616158,17.836243,,,,-69.81824304722505,Technology,Software - Application,Canada,8100,2022-Q2
SHOP,SHOPIFY INC - CLASS A,2022-06-01 00:00:00-04:00,2022,2,6,31.239999771118164,37.9640007019043,40.099998474121094,29.76409912109375,844417000,1220418767,38125882001.748314,38.125882001748316,,,,,,,,92.46111,89.96216,21.616158,17.836243,,,,-78.61709384721931,Technology,Software - Application,Canada,8100,2022-Q2
SHOP,SHOPIFY INC - CLASS A,2022-07-01 00:00:00-04:00,2022,3,7,34.83000183105469,32.08000183105469,40.68000030517578,29.719999313354492,633394000,1220418767,42507187889.263504,42.507187889263506,,,,,,,,92.46111,89.96216,21.616158,17.836243,,,,-76.77891454282381,Technology,Software - Application,Canada,8100,2022-Q3
SHOP,SHOPIFY INC - CLASS A,2022-08-01 00:00:00-04:00,2022,3,8,31.649999618530273,34.900001525878906,45.43000030517578,30.530000686645508,684569100,1220418767,38626253509.997185,38.626253509997184,,,,,,,,92.46111,89.96216,21.616158,17.836243,,,,-79.24290699161536,Technology,Software - Application,Canada,8100,2022-Q3
SHOP,SHOPIFY INC - CLASS A,2022-09-01 00:00:00-04:00,2022,3,9,26.940000534057617,30.940000534057617,35.810001373291016,26.3799991607666,583389400,1220418767,32878082234.753937,32.87808223475394,,,,,,,,92.46111,89.96216,21.616158,17.836243,,,,-80.12951957403514,Technology,Software - Application,Canada,8100,2022-Q3
SHOP,SHOPIFY INC - CLASS A,2022-10-01 00:00:00-04:00,2022,4,10,34.22999954223633,27.299999237060547,36.15999984741211,23.6299991607666,681504200,1220418767,41774933835.74663,41.77493383574663,,,,,,,,92.46111,89.96216,21.616158,17.836243,,,,-76.66237237007928,Technology,Software - Application,Canada,8100,2022-Q4
SHOP,SHOPIFY INC - CLASS A,2022-11-01 00:00:00-04:00,2022,4,11,40.880001068115234,35.380001068115234,41.72999954223633,30.440000534057617,494581400,1220418767,49890720498.50787,49.890720498507875,,,,,,,,92.46111,89.96216,21.616158,17.836243,,,,-73.1368974440809,Technology,Software - Application,Canada,8100,2022-Q4
SHOP,SHOPIFY INC - CLASS A,2022-12-01 00:00:00-05:00,2022,4,12,34.709999084472656,41.45000076293945,45.060001373291016,32.349998474121094,408781100,1220418767,42360734285.24325,42.36073428524325,,,,,,,,92.46111,89.96216,21.616158,17.836243,,,,-74.800165904811,Technology,Software - Application,Canada,8100,2022-Q4
SHOP,SHOPIFY INC - CLASS A,2023-01-01 00:00:00-05:00,2023,1,1,49.27000045776367,35.689998626708984,50.16999816894531,34.650001525878906,441616900,1220418767,60130033208.75337,60.130033208753375,,,,,,,,92.46111,89.96216,21.616158,17.836243,,,,-48.90276423119319,Technology,Software - Application,Canada,8100,2023-Q1
SHOP,SHOPIFY INC - CLASS A,2023-02-01 00:00:00-05:00,2023,1,2,41.13999938964844,49.369998931884766,54.665000915527344,39.7400016784668,431160400,1220418767,50208027329.4955,50.2080273294955,,,,,,,,92.46111,89.96216,21.616158,17.836243,,,,-40.742664265882624,Technology,Software - Application,Canada,8100,2023-Q1
SHOP,SHOPIFY INC - CLASS A,2023-03-01 00:00:00-05:00,2023,1,3,47.939998626708984,41.13999938964844,48.1349983215332,39.02000045776367,354809000,1220418767,58506874013.98987,58.506874013989865,,,,,,,,92.46111,89.96216,21.616158,17.836243,,,,-29.078646442759283,Technology,Software - Application,Canada,8100,2023-Q1
SHOP,SHOPIFY INC - CLASS A,2023-04-01 00:00:00-04:00,2023,2,4,48.45000076293945,47.25,49.86000061035156,43.5,233537400,1220418767,59129290192.25563,59.12929019225563,,,,,,,,92.46111,89.96216,21.616158,17.836243,,,,13.513897342260094,Technology,Software - Application,Canada,8100,2023-Q2
SHOP,SHOPIFY INC - CLASS A,2023-05-01 00:00:00-04:00,2023,2,5,57.189998626708984,48.130001068115234,65.54000091552734,46.08000183105469,435910900,1220418767,69795747608.73987,69.79574760873987,,,,,,,,92.46111,89.96216,21.616158,17.836243,,,,52.457872267033665,Technology,Software - Application,Canada,8100,2023-Q2
SHOP,SHOPIFY INC - CLASS A,2023-06-01 00:00:00-04:00,2023,2,6,64.5999984741211,56.41999816894531,67.36000061035156,55.41999816894531,292666300,1220418767,78839050485.98874,78.83905048598874,,,,,,,,92.46111,89.96216,21.616158,17.836243,,,,106.78616820556037,Technology,Software - Application,Canada,8100,2023-Q2
SHOP,SHOPIFY INC - CLASS A,2023-07-01 00:00:00-04:00,2023,3,7,67.58000183105469,65.04000091552734,71.43000030517578,60.5099983215332,217331800,1220418767,82475902508.5135,82.4759025085135,,,,,,,,92.46111,89.96216,21.616158,17.836243,,,,94.02813172062443,Technology,Software - Application,Canada,8100,2023-Q3
SHOP,SHOPIFY INC - CLASS A,2023-08-01 00:00:00-04:00,2023,3,8,66.48999786376953,66.7699966430664,67.63999938964844,51.20000076293945,293671700,1220418767,81145641210.73425,81.14564121073425,,,,,,,,92.46111,89.96216,21.616158,17.836243,,,,110.07898472403559,Technology,Software - Application,Canada,8100,2023-Q3
SHOP,SHOPIFY INC - CLASS A,2023-09-01 00:00:00-04:00,2023,3,9,54.56999969482422,66.68000030517578,67.5999984741211,50.59000015258789,195982000,1220418767,66598251742.74775,66.59825174274775,,,,,,,,92.46111,89.96216,21.616158,17.836243,,,,102.56124206767066,Technology,Software - Application,Canada,8100,2023-Q3
SHOP,SHOPIFY INC - CLASS A,2023-10-01 00:00:00-04:00,2023,4,10,47.189998626708984,54.220001220703125,56.19599914550781,45.5,239819300,1220418767,57591559938.73987,57.59155993873987,,,,,,,,92.46111,89.96216,21.616158,17.836243,,,,37.86152280978365,Technology,Software - Application,Canada,8100,2023-Q4
SHOP,SHOPIFY INC - CLASS A,2023-11-01 00:00:00-04:00,2023,4,11,72.81999969482422,47.54999923706055,75.05999755859375,47.15999984741211,285833600,1220418767,88870894240.49774,88.87089424049775,,,,,,,,92.46111,89.96216,21.616158,17.836243,,,,78.13111005914553,Technology,Software - Application,Canada,8100,2023-Q4
SHOP,SHOPIFY INC - CLASS A,2023-12-01 00:00:00-05:00,2023,4,12,77.9000015258789,72.5,79.98999786376953,70.04000091552734,185609700,1220418767,95070623811.51126,95.07062381151125,,,,,,,,92.46111,89.96216,21.616158,17.836243,,,,124.43101002767554,Technology,Software - Application,Canada,8100,2023-Q4
SHOP,SHOPIFY INC - CLASS A,2024-01-01 00:00:00-05:00,2024,1,1,80.06999969482422,76.44000244140625,83.57499694824219,70.61499786376953,197341100,1220418767,97718930301.24774,97.71893030124774,,,,,,,,92.46111,89.96216,21.616158,17.836243,,,,62.51268307469087,Technology,Software - Application,Canada,8100,2024-Q1
SHOP,SHOPIFY INC - CLASS A,2024-02-01 00:00:00-05:00,2024,1,2,76.37000274658203,79.37000274658203,91.56999969482422,73.8499984741211,266680500,1220418767,93203384587.77026,93.20338458777026,,,,,,,,92.46111,89.96216,21.616158,17.836243,,,,85.63442848712852,Technology,Software - Application,Canada,8100,2024-Q1
SHOP,SHOPIFY INC - CLASS A,2024-03-01 00:00:00-05:00,2024,1,3,77.16999816894531,77.11000061035156,83.38999938964844,72.63999938964844,134157600,1220418767,94179714014.7365,94.17971401473649,,,,,,,,92.46111,89.96216,21.616158,17.836243,,,,60.97204918556531,Technology,Software - Application,Canada,8100,2024-Q1
SHOP,SHOPIFY INC - CLASS A,2024-04-01 00:00:00-04:00,2024,2,4,70.19999694824219,77.3499984741211,79.29000091552734,68.01499938964844,176326000,1220418767,85673393718.9775,85.6733937189775,2045000000.0,2045.0,1045000000.0,171000000.0,283000000.0,293000000.0,10.473520014544926,92.46111,89.96216,21.616158,17.836243,,,,44.89163228649484,Technology,Software - Application,Canada,8100,2024-Q2
SHOP,SHOPIFY INC - CLASS A,2024-05-01 00:00:00-04:00,2024,2,5,59.150001525878906,70.20999908447266,77.82499694824219,56.310001373291016,318480400,1220418767,72187771930.26126,72.18777193026126,2045000000.0,2045.0,1045000000.0,171000000.0,283000000.0,293000000.0,8.82491099391947,92.46111,89.96216,21.616158,17.836243,,0.0,,3.427177734280562,Technology,Software - Application,Canada,8100,2024-Q2
SHOP,SHOPIFY INC - CLASS A,2024-06-01 00:00:00-04:00,2024,2,6,66.05000305175781,59.40999984741211,68.20999908447266,58.380001068115234,185606100,1220418767,80608663284.7725,80.6086632847725,2045000000.0,2045.0,1045000000.0,171000000.0,283000000.0,293000000.0,9.854359814764365,92.46111,89.96216,21.616158,17.836243,,0.0,,2.244589182486756,Technology,Software - Application,Canada,8100,2024-Q2
SHOP,SHOPIFY INC - CLASS A,2024-07-01 00:00:00-04:00,2024,3,7,61.20000076293945,65.95999908447266,70.04000091552734,58.040000915527344,171341800,1220418767,74689629471.50563,74.68962947150563,2162000000.0,2162.0,1118000000.0,828000000.0,341000000.0,349000000.0,8.63663615535449,92.46111,89.96216,21.616158,17.836243,,5.721271393643024,,-9.440664242751563,Technology,Software - Application,Canada,8100,2024-Q3
SHOP,SHOPIFY INC - CLASS A,2024-08-01 00:00:00-04:00,2024,3,8,74.06999969482422,61.599998474121094,76.83000183105469,48.560001373291016,242139600,1220418767,90396417699.24774,90.39641769924773,2162000000.0,2162.0,1118000000.0,828000000.0,341000000.0,349000000.0,10.452869761707648,92.46111,89.96216,21.616158,17.836243,,0.0,5.721271393643024,11.40021367813131,Technology,Software - Application,Canada,8100,2024-Q3
SHOP,SHOPIFY INC - CLASS A,2024-09-01 00:00:00-04:00,2024,3,9,80.13999938964844,73.1500015258789,81.1500015258789,65.86000061035156,116157200,1220418767,97804359242.4955,97.8043592424955,2162000000.0,2162.0,1118000000.0,828000000.0,341000000.0,349000000.0,11.309477248207157,92.46111,89.96216,21.616158,17.836243,,0.0,5.721271393643024,46.85724727473188,Technology,Software - Application,Canada,8100,2024-Q3
SHOP,SHOPIFY INC - CLASS A,2024-10-01 00:00:00-04:00,2024,4,10,78.20999908447266,80.0,84.37000274658203,77.12000274658203,106878200,1220418767,95448950649.74326,95.44895064974325,2812000000.0,2812.0,1352000000.0,1293000000.0,541000000.0,549000000.0,8.485859766157828,92.46111,89.96216,21.616158,17.836243,,30.06475485661424,37.506112469437646,65.73426861726317,Technology,Software - Application,Canada,8100,2024-Q4
SHOP,SHOPIFY INC - CLASS A,2024-11-01 00:00:00-04:00,2024,4,11,115.5999984741211,79.05000305175781,116.3499984741211,77.69999694824219,232226700,1220418767,141080407602.98874,141.08040760298874,2812000000.0,2812.0,1352000000.0,1293000000.0,541000000.0,549000000.0,12.542710491019625,92.46111,89.96216,21.616158,17.836243,,0.0,30.06475485661424,58.747595383933415,Technology,Software - Application,Canada,8100,2024-Q4
SHOP,SHOPIFY INC - CLASS A,2024-12-01 00:00:00-05:00,2024,4,12,106.33000183105469,115.22000122070312,120.72000122070312,104.5,129205100,1220418767,129767129729.7635,129.7671297297635,2812000000.0,2812.0,1352000000.0,1293000000.0,541000000.0,549000000.0,11.536906981664607,92.46111,89.96216,21.616158,17.836243,,0.0,30.06475485661424,36.49550673722533,Technology,Software - Application,Canada,8100,2024-Q4
SHOP,SHOPIFY INC - CLASS A,2025-01-01 00:00:00-05:00,2025,1,1,116.80000305175781,107.5,122.0,99.05000305175781,125284000,1220418767,142544915710.02252,142.5449157100225,2360000000.0,2360.0,1169000000.0,-682000000.0,278000000.0,286000000.0,15.100097003180352,92.46111,89.96216,21.616158,17.836243,,-16.07396870554765,9.158186864014795,45.872366050861714,Technology,Software - Application,Canada,8100,2025-Q1
SHOP,SHOPIFY INC - CLASS A,2025-02-01 00:00:00-05:00,2025,1,2,112.0,111.87000274658203,129.3800048828125,107.0,185128100,1220418767,136686901904.0,136.686901904,2360000000.0,2360.0,1169000000.0,-682000000.0,278000000.0,286000000.0,14.479544693220339,92.46111,89.96216,21.616158,17.836243,,0.0,-16.07396870554765,46.654440188576004,Technology,Software - Application,Canada,8100,2025-Q1
SHOP,SHOPIFY INC - CLASS A,2025-03-01 00:00:00-05:00,2025,1,3,95.4800033569336,112.88999938964844,115.20899963378906,89.0999984741211,217337300,1220418767,116525587970.02475,116.52558797002474,2360000000.0,2360.0,1169000000.0,-682000000.0,278000000.0,286000000.0,12.343812284960249,92.46111,89.96216,21.616158,17.836243,,0.0,-16.07396870554765,23.72684413948396,Technology,Software - Application,Canada,8100,2025-Q1
SHOP,SHOPIFY INC - CLASS A,2025-04-01 00:00:00-04:00,2025,2,4,95.0,95.80000305175781,101.44999694824219,69.83999633789062,289404600,1220418767,115939782865.0,115.939782865,2680000000.0,2680.0,1302000000.0,906000000.0,371000000.0,379000000.0,10.815278252332089,92.46111,89.96216,21.616158,17.836243,,13.559322033898313,-4.694167852062591,35.32764121064369,Technology,Software - Application,Canada,8100,2025-Q2
SHOP,SHOPIFY INC - CLASS A,2025-05-01 00:00:00-04:00,2025,2,5,107.22000122070312,98.21499633789062,112.37999725341797,88.13999938964844,350748300,1220418767,130853301687.509,130.853301687509,2680000000.0,2680.0,1302000000.0,906000000.0,371000000.0,379000000.0,12.206464709655691,92.46111,89.96216,21.616158,17.836243,,0.0,13.559322033898313,81.26796019403812,Technology,Software - Application,Canada,8100,2025-Q2
SHOP,SHOPIFY INC - CLASS A,2025-06-01 00:00:00-04:00,2025,2,6,115.3499984741211,106.25499725341797,117.36000061035156,102.80999755859375,165101000,1220418767,140775302911.23874,140.77530291123873,2680000000.0,2680.0,1302000000.0,906000000.0,371000000.0,379000000.0,13.132024525302121,92.46111,89.96216,21.616158,17.836243,,0.0,13.559322033898313,74.64041354204183,Technology,Software - Application,Canada,8100,2025-Q2
SHOP,SHOPIFY INC - CLASS A,2025-07-01 00:00:00-04:00,2025,3,7,122.20999908447266,114.30999755859375,129.2899932861328,111.33000183105469,159636100,1220418767,149147376397.74326,149.14737639774324,,,,,,,,92.46111,89.96216,21.616158,17.836243,,0.0,13.559322033898313,99.68953849830456,Technology,Software - Application,Canada,8100,2025-Q3
SHOP,SHOPIFY INC - CLASS A,2025-08-01 00:00:00-04:00,2025,3,8,141.27999877929688,118.05000305175781,156.85000610351562,115.94999694824219,186417100,1220418767,172420761911.991,172.420761911991,,,,,,,,92.46111,89.96216,21.616158,17.836243,,0.0,0.0,90.73848975480567,Technology,Software - Application,Canada,8100,2025-Q3
SHOP,SHOPIFY INC - CLASS A,2025-09-01 00:00:00-04:00,2025,3,9,148.61000061035156,136.9499969482422,159.00999450683594,133.39999389648438,142179000,1220418767,181366433708.75452,181.36643370875453,,,,,,,,92.46111,89.96216,21.616158,17.836243,,0.0,0.0,85.43798570273924,Technology,Software - Application,Canada,8100,2025-Q3
SHOP,SHOPIFY INC - CLASS A,2025-10-01 00:00:00-04:00,2025,4,10,166.42999267578125,146.27999877929688,169.69000244140625,146.10000610351562,62739086,1220418767,203114286453.19598,203.11428645319597,,,,,,,,92.46111,89.96216,21.616158,17.836243,,0.0,0.0,112.79886795040666,Technology,Software - Application,Canada,8100,2025-Q4
