ticker,company_name,date,year,quarter,month,close_price,open_price,high_price,low_price,volume,shares_outstanding,market_cap,market_cap_billions,revenue,revenue_millions,gross_profit,net_income,operating_income,ebitda,ps_ratio,current_pe,forward_pe,current_ps,current_pb,peg_ratio,revenue_qoq_pct,revenue_yoy_pct,market_cap_yoy_pct,sector,industry,country,employees,year_quarter
SIE GR,SIEMENS AG-REG,2015-01-01 00:00:00+01:00,2015,1,1,58.22685623168945,58.69642718285072,64.67563698629486,56.116915940784786,81813096,783217500,45604292770.643234,45.604292770643234,,,,,,,,25.111336,29.222616,2.4816892,3.215355,,,,,Industrials,Specialty Industrial Machinery,Germany,315000,2015-Q1
SIE GR,SIEMENS AG-REG,2015-02-01 00:00:00+01:00,2015,1,2,64.87580871582031,60.64477412527566,64.87580871582031,60.300316401013745,57466597,783217500,50811868712.882996,50.811868712883,,,,,,,,25.111336,29.222616,2.4816892,3.215355,,,,,Industrials,Specialty Industrial Machinery,Germany,315000,2015-Q1
SIE GR,SIEMENS AG-REG,2015-03-01 00:00:00+01:00,2015,1,3,65.44773864746094,64.78481351591898,69.11983089154725,63.062503011868785,65801631,783217500,51259814244.11774,51.259814244117734,,,,,,,,25.111336,29.222616,2.4816892,3.215355,,,,,Industrials,Specialty Industrial Machinery,Germany,315000,2015-Q1
SIE GR,SIEMENS AG-REG,2015-04-01 00:00:00+02:00,2015,2,4,63.374473571777344,64.97329604038356,67.7224891630592,61.10622422797556,45600592,783217500,49635996754.70352,49.63599675470352,,,,,,,,25.111336,29.222616,2.4816892,3.215355,,,,,Industrials,Specialty Industrial Machinery,Germany,315000,2015-Q2
SIE GR,SIEMENS AG-REG,2015-05-01 00:00:00+02:00,2015,2,5,62.25010299682617,63.37447795699283,64.49885291715947,60.80076436611149,52306929,783217500,48755370043.9167,48.7553700439167,,,,,,,,25.111336,29.222616,2.4816892,3.215355,,,,,Industrials,Specialty Industrial Machinery,Germany,315000,2015-Q2
SIE GR,SIEMENS AG-REG,2015-06-01 00:00:00+02:00,2015,2,6,58.720985412597656,62.63355237600379,63.699433967316864,58.720985412597656,73640893,783217500,45991303392.391205,45.9913033923912,,,,,,,,25.111336,29.222616,2.4816892,3.215355,,,,,Industrials,Specialty Industrial Machinery,Germany,315000,2015-Q2
SIE GR,SIEMENS AG-REG,2015-07-01 00:00:00+02:00,2015,3,7,63.328975677490234,59.409912479076986,63.43296426071702,56.55672538300546,63553819,783217500,49600362007.68471,49.60036200768471,,,,,,,,25.111336,29.222616,2.4816892,3.215355,,,,,Industrials,Specialty Industrial Machinery,Germany,315000,2015-Q3
SIE GR,SIEMENS AG-REG,2015-08-01 00:00:00+02:00,2015,3,8,57.49263381958008,63.40047913424423,65.57773811272295,53.00162978921864,63221856,783217500,45029236928.58696,45.02923692858696,,,,,,,,25.111336,29.222616,2.4816892,3.215355,,,,,Industrials,Specialty Industrial Machinery,Germany,315000,2015-Q3
SIE GR,SIEMENS AG-REG,2015-09-01 00:00:00+02:00,2015,3,9,51.955238342285156,56.4007462260566,57.85008472313793,50.66187997242683,70454415,783217500,40692251886.348724,40.69225188634872,,,,,,,,25.111336,29.222616,2.4816892,3.215355,,,,,Industrials,Specialty Industrial Machinery,Germany,315000,2015-Q3
SIE GR,SIEMENS AG-REG,2015-10-01 00:00:00+02:00,2015,4,10,59.46841049194336,52.57267148183602,59.8453656985643,50.63588740147316,53304050,783217500,46576699794.47365,46.57669979447365,,,,,,,,25.111336,29.222616,2.4816892,3.215355,,,,,Industrials,Specialty Industrial Machinery,Germany,315000,2015-Q4
SIE GR,SIEMENS AG-REG,2015-11-01 00:00:00+01:00,2015,4,11,63.783912658691406,58.83146617565148,64.16087327055325,58.759975068380776,46651070,783217500,49956676612.75864,49.956676612758635,,,,,,,,25.111336,29.222616,2.4816892,3.215355,,,,,Industrials,Specialty Industrial Machinery,Germany,315000,2015-Q4
SIE GR,SIEMENS AG-REG,2015-12-01 00:00:00+01:00,2015,4,12,58.41552734375,64.34287162974398,64.34287162974398,55.919801117821265,55713084,783217500,45752063287.353516,45.752063287353515,,,,,,,,25.111336,29.222616,2.4816892,3.215355,,,,,Industrials,Specialty Industrial Machinery,Germany,315000,2015-Q4
SIE GR,SIEMENS AG-REG,2016-01-01 00:00:00+01:00,2016,1,1,57.31064224243164,58.41552302133399,59.305924937059096,51.68226626462648,84485914,783217500,44886697940.5117,44.8866979405117,,,,,,,,25.111336,29.222616,2.4816892,3.215355,,,,-1.57352474193716,Industrials,Specialty Industrial Machinery,Germany,315000,2016-Q1
SIE GR,SIEMENS AG-REG,2016-02-01 00:00:00+01:00,2016,1,2,58.02965545654297,60.29760342082857,60.47415281486219,53.79931451418226,63494803,783217500,45449841672.53494,45.449841672534944,,,,,,,,25.111336,29.222616,2.4816892,3.215355,,,,-10.552705846436517,Industrials,Specialty Industrial Machinery,Germany,315000,2016-Q1
SIE GR,SIEMENS AG-REG,2016-03-01 00:00:00+01:00,2016,1,3,63.25137710571289,58.06361391371218,63.78101959556699,57.89385729484757,65936395,783217500,49539585448.293686,49.539585448293685,,,,,,,,25.111336,29.222616,2.4816892,3.215355,,,,-3.3559013453144826,Industrials,Specialty Industrial Machinery,Germany,315000,2016-Q1
SIE GR,SIEMENS AG-REG,2016-04-01 00:00:00+02:00,2016,2,4,61.87295150756836,62.30074232475276,65.84526443371324,59.605003309923724,47923220,783217500,48459978397.37892,48.45997839737892,,,,,,,,25.111336,29.222616,2.4816892,3.215355,,,,-2.369285265160226,Industrials,Specialty Industrial Machinery,Germany,315000,2016-Q2
SIE GR,SIEMENS AG-REG,2016-05-01 00:00:00+02:00,2016,2,5,65.72303771972656,62.076658324960114,67.01318567678794,61.05811864932306,51729933,783217500,51475433295.24994,51.47543329524994,,,,,,,,25.111336,29.222616,2.4816892,3.215355,,,,5.57900237221689,Industrials,Specialty Industrial Machinery,Germany,315000,2016-Q2
SIE GR,SIEMENS AG-REG,2016-06-01 00:00:00+02:00,2016,2,6,62.34147644042969,65.61438997430652,66.81626604179026,58.9531314041263,67416988,783217500,48826935323.98224,48.82693532398224,,,,,,,,25.111336,29.222616,2.4816892,3.215355,,,,6.165582887264209,Industrials,Specialty Industrial Machinery,Germany,315000,2016-Q2
SIE GR,SIEMENS AG-REG,2016-07-01 00:00:00+02:00,2016,3,7,65.94711303710938,62.70136479721015,66.33415856976949,59.58462790362174,40739574,783217500,51650933005.14221,51.650933005142214,,,,,,,,25.111336,29.222616,2.4816892,3.215355,,,,4.134185547153479,Industrials,Specialty Industrial Machinery,Germany,315000,2016-Q3
SIE GR,SIEMENS AG-REG,2016-08-01 00:00:00+02:00,2016,3,8,72.6898422241211,66.4699547663045,74.01394822860985,64.89461314540881,46571425,783217500,56931956502.17056,56.931956502170564,,,,,,,,25.111336,29.222616,2.4816892,3.215355,,,,26.43331396545856,Industrials,Specialty Industrial Machinery,Germany,315000,2016-Q3
SIE GR,SIEMENS AG-REG,2016-09-01 00:00:00+02:00,2016,3,9,70.75462341308594,72.99541757880726,74.01395724675484,68.95520563179075,47472657,783217500,55416259263.038635,55.41625926303863,,,,,,,,25.111336,29.222616,2.4816892,3.215355,,,,36.18381066207217,Industrials,Specialty Industrial Machinery,Germany,315000,2016-Q3
SIE GR,SIEMENS AG-REG,2016-10-01 00:00:00+02:00,2016,4,10,70.2453384399414,70.75460816415814,73.30096253210446,69.43050803056714,35684261,783217500,55017378359.58481,55.01737835958481,,,,,,,,25.111336,29.222616,2.4816892,3.215355,,,,18.122105263698085,Industrials,Specialty Industrial Machinery,Germany,315000,2016-Q4
SIE GR,SIEMENS AG-REG,2016-11-01 00:00:00+01:00,2016,4,11,72.38428497314453,70.85647558428819,75.10039630019699,67.48171049303618,50456824,783217500,56692638715.95383,56.69263871595383,,,,,,,,25.111336,29.222616,2.4816892,3.215355,,,,13.483607317214673,Industrials,Specialty Industrial Machinery,Germany,315000,2016-Q4
SIE GR,SIEMENS AG-REG,2016-12-01 00:00:00+01:00,2016,4,12,79.31037139892578,72.14663541603683,79.68383135097575,70.82252923380902,52019924,783217500,62117270811.13815,62.117270811138155,,,,,,,,25.111336,29.222616,2.4816892,3.215355,,,,35.76933223972918,Industrials,Specialty Industrial Machinery,Germany,315000,2016-Q4
SIE GR,SIEMENS AG-REG,2017-01-01 00:00:00+01:00,2017,1,1,78.93689727783203,78.59738408720087,81.82275939819692,77.40908217312848,48200019,783217500,61824759343.70041,61.82475934370041,,,,,,,,25.111336,29.222616,2.4816892,3.215355,,,,37.735146892820445,Industrials,Specialty Industrial Machinery,Germany,315000,2017-Q1
SIE GR,SIEMENS AG-REG,2017-02-01 00:00:00+01:00,2017,1,2,83.384521484375,82.80735250662103,85.08209318968531,79.48011977994695,50578685,783217500,65308216455.68848,65.30821645568848,,,,,,,,25.111336,29.222616,2.4816892,3.215355,,,,43.6929460089931,Industrials,Specialty Industrial Machinery,Germany,315000,2017-Q1
SIE GR,SIEMENS AG-REG,2017-03-01 00:00:00+01:00,2017,1,3,90.11775970458984,86.78396156486399,90.11775970458984,85.09951562626217,47627497,783217500,70581806461.4296,70.5818064614296,,,,,,,,25.111336,29.222616,2.4816892,3.215355,,,,42.47556943143673,Industrials,Specialty Industrial Machinery,Germany,315000,2017-Q1
SIE GR,SIEMENS AG-REG,2017-04-01 00:00:00+02:00,2017,2,4,92.36367797851562,90.39849409897741,93.6270108967928,86.71377061232039,35855523,783217500,72340848957.13806,72.34084895713806,,,,,,,,25.111336,29.222616,2.4816892,3.215355,,,,49.27957326751675,Industrials,Specialty Industrial Machinery,Germany,315000,2017-Q2
SIE GR,SIEMENS AG-REG,2017-05-01 00:00:00+02:00,2017,2,5,89.17025756835938,92.36368072506482,93.69720115513663,87.62618065564078,38922963,783217500,69839706207.04651,69.8397062070465,,,,,,,,25.111336,29.222616,2.4816892,3.215355,,,,35.67580054443407,Industrials,Specialty Industrial Machinery,Germany,315000,2017-Q2
SIE GR,SIEMENS AG-REG,2017-06-01 00:00:00+02:00,2017,2,6,84.46784210205078,89.17024792586244,91.10033791801209,84.08182291561363,43870395,783217500,66156692121.56296,66.15669212156295,,,,,,,,25.111336,29.222616,2.4816892,3.215355,,,,35.49220667361625,Industrials,Specialty Industrial Machinery,Germany,315000,2017-Q2
SIE GR,SIEMENS AG-REG,2017-07-01 00:00:00+02:00,2017,3,7,80.5374755859375,84.92404380083026,86.85413975541925,80.43219438475838,46908238,783217500,63078360284.729004,63.078360284729,,,,,,,,25.111336,29.222616,2.4816892,3.215355,,,,22.124338544763766,Industrials,Specialty Industrial Machinery,Germany,315000,2017-Q3
SIE GR,SIEMENS AG-REG,2017-08-01 00:00:00+02:00,2017,3,8,77.06331634521484,81.02877796335824,82.2570171836613,75.7999833877529,54643039,783217500,60357337969.60831,60.35733796960831,,,,,,,,25.111336,29.222616,2.4816892,3.215355,,,,6.016623488615136,Industrials,Specialty Industrial Machinery,Germany,315000,2017-Q3
SIE GR,SIEMENS AG-REG,2017-09-01 00:00:00+02:00,2017,3,9,83.66072082519531,77.23878063783359,83.66072082519531,76.99313041283864,49495770,783217500,65524540612.90741,65.52454061290742,,,,,,,,25.111336,29.222616,2.4816892,3.215355,,,,18.240641797723733,Industrials,Specialty Industrial Machinery,Germany,315000,2017-Q3
SIE GR,SIEMENS AG-REG,2017-10-01 00:00:00+02:00,2017,4,10,85.9768295288086,84.04673930421426,85.9768295288086,80.74803489560539,41964785,783217500,67338557481.479645,67.33855748147964,,,,,,,,25.111336,29.222616,2.4816892,3.215355,,,,22.39506768455155,Industrials,Specialty Industrial Machinery,Germany,315000,2017-Q4
SIE GR,SIEMENS AG-REG,2017-11-01 00:00:00+01:00,2017,4,11,80.1514663696289,87.24016386307719,88.39822157994737,78.95831491466502,55321240,783217500,62776031111.35483,62.776031111354825,,,,,,,,25.111336,29.222616,2.4816892,3.215355,,,,10.730480240795504,Industrials,Specialty Industrial Machinery,Germany,315000,2017-Q4
SIE GR,SIEMENS AG-REG,2017-12-01 00:00:00+01:00,2017,4,12,81.52007293701172,80.53748393107624,84.60822084430586,78.67757525121985,46730614,783217500,63847947725.543976,63.847947725543975,,,,,,,,25.111336,29.222616,2.4816892,3.215355,,,,2.7861444841448257,Industrials,Specialty Industrial Machinery,Germany,315000,2017-Q4
SIE GR,SIEMENS AG-REG,2018-01-01 00:00:00+01:00,2018,1,1,85.73819732666016,81.52007041122215,88.22275425846726,80.16549852327762,61537928,783217500,67151656564.69345,67.15165656469345,,,,,,,,25.111336,29.222616,2.4816892,3.215355,,,,8.616122856830533,Industrials,Specialty Industrial Machinery,Germany,315000,2018-Q1
SIE GR,SIEMENS AG-REG,2018-02-01 00:00:00+01:00,2018,1,2,76.10879516601562,83.98357329359122,84.08183338310263,74.67702056465833,66366435,783217500,59609740277.93884,59.60974027793884,,,,,,,,25.111336,29.222616,2.4816892,3.215355,,,,-8.725511868198144,Industrials,Specialty Industrial Machinery,Germany,315000,2018-Q1
SIE GR,SIEMENS AG-REG,2018-03-01 00:00:00+01:00,2018,1,3,75.18170928955078,78.43532639860295,78.71130054485928,72.46552231150532,69950322,783217500,58883630395.48874,58.88363039548874,,,,,,,,25.111336,29.222616,2.4816892,3.215355,,,,-16.573925565837545,Industrials,Specialty Industrial Machinery,Germany,315000,2018-Q1
SIE GR,SIEMENS AG-REG,2018-04-01 00:00:00+02:00,2018,2,4,76.72135925292969,75.18170282569459,79.05989558068256,72.50182992148329,49892631,783217500,60089511190.68146,60.089511190681456,,,,,,,,25.111336,29.222616,2.4816892,3.215355,,,,-16.935573666982428,Industrials,Specialty Industrial Machinery,Germany,315000,2018-Q2
SIE GR,SIEMENS AG-REG,2018-05-01 00:00:00+02:00,2018,2,5,80.97722625732422,76.72138183302185,86.09004806161045,76.72138183302185,56875199,783217500,63422780706.19583,63.42278070619583,,,,,,,,25.111336,29.222616,2.4816892,3.215355,,,,-9.188076309810189,Industrials,Specialty Industrial Machinery,Germany,315000,2018-Q2
SIE GR,SIEMENS AG-REG,2018-06-01 00:00:00+02:00,2018,2,6,82.22636413574219,81.55820911291066,88.06543691884464,80.57050703268509,61638474,783217500,64401127352.48566,64.40112735248566,,,,,,,,25.111336,29.222616,2.4816892,3.215355,,,,-2.6536465363949158,Industrials,Specialty Industrial Machinery,Germany,315000,2018-Q2
SIE GR,SIEMENS AG-REG,2018-07-01 00:00:00+02:00,2018,3,7,87.70231628417969,81.04983884045575,88.21069166359312,80.81743761331454,42116354,783217500,68689988904.304504,68.6899889043045,,,,,,,,25.111336,29.222616,2.4816892,3.215355,,,,8.896281695093533,Industrials,Specialty Industrial Machinery,Germany,315000,2018-Q3
SIE GR,SIEMENS AG-REG,2018-08-01 00:00:00+02:00,2018,3,8,81.32581329345703,87.92019352805782,88.384995984059,79.27778131329843,49592580,783217500,63695800173.16818,63.69580017316818,,,,,,,,25.111336,29.222616,2.4816892,3.215355,,,,5.531162102014653,Industrials,Specialty Industrial Machinery,Germany,315000,2018-Q3
SIE GR,SIEMENS AG-REG,2018-09-01 00:00:00+02:00,2018,3,9,80.13475799560547,81.16603920621526,81.42748904931224,78.14482326260374,46872455,783217500,62762944820.42313,62.76294482042313,,,,,,,,25.111336,29.222616,2.4816892,3.215355,,,,-4.2145977166000765,Industrials,Specialty Industrial Machinery,Germany,315000,2018-Q3
SIE GR,SIEMENS AG-REG,2018-10-01 00:00:00+02:00,2018,4,10,73.87445831298828,79.91688429708557,80.6286123133863,71.54318687386366,68174717,783217500,57859768553.7529,57.8597685537529,,,,,,,,25.111336,29.222616,2.4816892,3.215355,,,,-14.076317168412356,Industrials,Specialty Industrial Machinery,Germany,315000,2018-Q4
SIE GR,SIEMENS AG-REG,2018-11-01 00:00:00+01:00,2018,4,11,74.3683090209961,73.68563577258699,76.14036689820058,71.43425111733444,53521656,783217500,58246561070.65201,58.24656107065201,,,,,,,,25.111336,29.222616,2.4816892,3.215355,,,,-7.215285771520419,Industrials,Specialty Industrial Machinery,Germany,315000,2018-Q4
SIE GR,SIEMENS AG-REG,2018-12-01 00:00:00+01:00,2018,4,12,70.72252655029297,75.44316686999251,76.03870044091097,68.97225812435755,54062720,783217500,55391120438.40408,55.39112043840408,,,,,,,,25.111336,29.222616,2.4816892,3.215355,,,,-13.245260949486282,Industrials,Specialty Industrial Machinery,Germany,315000,2018-Q4
SIE GR,SIEMENS AG-REG,2019-01-01 00:00:00+01:00,2019,1,1,69.5605239868164,70.72253027768429,73.55491830671644,68.87784452261212,58385819,783217500,54481019695.64438,54.48101969564438,,,,,,,,25.111336,29.222616,2.4816892,3.215355,,,,-18.86868845423384,Industrials,Specialty Industrial Machinery,Germany,315000,2019-Q1
SIE GR,SIEMENS AG-REG,2019-02-01 00:00:00+01:00,2019,1,2,72.89425659179688,72.50752712178753,74.83547038799595,68.89048990066878,53303098,783217500,57092057412.18567,57.09205741218567,,,,,,,,25.111336,29.222616,2.4816892,3.215355,,,,-4.223609856399513,Industrials,Specialty Industrial Machinery,Germany,315000,2019-Q1
SIE GR,SIEMENS AG-REG,2019-03-01 00:00:00+01:00,2019,1,3,72.75018310546875,73.47814072026497,75.7909191156613,71.4307591264404,51697211,783217500,56979216536.40747,56.97921653640747,,,,,,,,25.111336,29.222616,2.4816892,3.215355,,,,-3.23419912510553,Industrials,Specialty Industrial Machinery,Germany,315000,2019-Q1
SIE GR,SIEMENS AG-REG,2019-04-01 00:00:00+02:00,2019,2,4,80.93970489501953,73.44781824342232,81.45533998696821,73.39473759416153,41369168,783217500,63393393318.61496,63.39339331861496,,,,,,,,25.111336,29.222616,2.4816892,3.215355,,,,5.498267605222029,Industrials,Specialty Industrial Machinery,Germany,315000,2019-Q2
SIE GR,SIEMENS AG-REG,2019-05-01 00:00:00+02:00,2019,2,5,76.92076873779297,80.93969405426333,82.53210048344182,76.52645356247383,53947164,783217500,60245692188.892365,60.24569218889236,,,,,,,,25.111336,29.222616,2.4816892,3.215355,,,,-5.0093806703639165,Industrials,Specialty Industrial Machinery,Germany,315000,2019-Q2
SIE GR,SIEMENS AG-REG,2019-06-01 00:00:00+02:00,2019,2,6,79.31696319580078,76.58712524613182,81.53116608661611,75.91983394955918,41420204,783217500,62122433621.8071,62.1224336218071,,,,,,,,25.111336,29.222616,2.4816892,3.215355,,,,-3.5382823629881877,Industrials,Specialty Industrial Machinery,Germany,315000,2019-Q2
SIE GR,SIEMENS AG-REG,2019-07-01 00:00:00+02:00,2019,3,7,75.06295013427734,79.999404341103,80.63637197085649,74.53972947455722,50139861,783217500,58790616146.793365,58.79061614679337,,,,,,,,25.111336,29.222616,2.4816892,3.215355,,,,-14.411667428426078,Industrials,Specialty Industrial Machinery,Germany,315000,2019-Q3
SIE GR,SIEMENS AG-REG,2019-08-01 00:00:00+02:00,2019,3,8,68.9663314819336,72.34071667832012,72.67435913895542,64.01471104480736,67222357,783217500,54015637727.451324,54.01563772745133,,,,,,,,25.111336,29.222616,2.4816892,3.215355,,,,-15.197489346863758,Industrials,Specialty Industrial Machinery,Germany,315000,2019-Q3
SIE GR,SIEMENS AG-REG,2019-09-01 00:00:00+02:00,2019,3,9,74.5018310546875,68.64026092796719,74.6762315489067,67.78339134980104,46399676,783217500,58351137864.07471,58.35113786407471,,,,,,,,25.111336,29.222616,2.4816892,3.215355,,,,-7.0293179661525595,Industrials,Specialty Industrial Machinery,Germany,315000,2019-Q3
SIE GR,SIEMENS AG-REG,2019-10-01 00:00:00+02:00,2019,4,10,78.39183807373047,74.78238669891094,80.27239828812536,71.30184728140112,48315763,783217500,61397859436.51199,61.39785943651199,,,,,,,,25.111336,29.222616,2.4816892,3.215355,,,,6.1149412989305985,Industrials,Specialty Industrial Machinery,Germany,315000,2019-Q4
SIE GR,SIEMENS AG-REG,2019-11-01 00:00:00+01:00,2019,4,11,88.81072235107422,78.39183582354825,89.69033609497106,78.34634088457594,49681196,783217500,69558111933.00247,69.55811193300246,,,,,,,,25.111336,29.222616,2.4816892,3.215355,,,,19.4201179510491,Industrials,Specialty Industrial Machinery,Germany,315000,2019-Q4
SIE GR,SIEMENS AG-REG,2019-12-01 00:00:00+01:00,2019,4,12,88.37091827392578,88.81072838459389,90.91876980076465,86.36903814025013,43258831,783217500,69213649683.20847,69.21364968320846,,,,,,,,25.111336,29.222616,2.4816892,3.215355,,,,24.9544135150241,Industrials,Specialty Industrial Machinery,Germany,315000,2019-Q4
SIE GR,SIEMENS AG-REG,2020-01-01 00:00:00+01:00,2020,1,1,84.65531921386719,88.37093261580337,90.16049047491937,84.48849798154757,45544944,783217500,66303527476.387024,66.30352747638702,,,,,,,,25.111336,29.222616,2.4816892,3.215355,,,,21.700232203414195,Industrials,Specialty Industrial Machinery,Germany,315000,2020-Q1
SIE GR,SIEMENS AG-REG,2020-02-01 00:00:00+01:00,2020,1,2,70.67247009277344,84.41265534919084,86.71785441522007,68.93599311595308,66160415,783217500,55351915344.88678,55.35191534488678,,,,,,,,25.111336,29.222616,2.4816892,3.215355,,,,-3.047958238281101,Industrials,Specialty Industrial Machinery,Germany,315000,2020-Q1
SIE GR,SIEMENS AG-REG,2020-03-01 00:00:00+01:00,2020,1,3,61.067840576171875,73.30190484184334,75.08341273184726,46.32705748339472,166736044,783217500,47829401426.467896,47.829401426467896,,,,,,,,25.111336,29.222616,2.4816892,3.215355,,,,-16.058162372403284,Industrials,Specialty Industrial Machinery,Germany,315000,2020-Q1
SIE GR,SIEMENS AG-REG,2020-04-01 00:00:00+02:00,2020,2,4,66.75131225585938,59.120790506339475,70.14878783621582,57.86743128738464,82392035,783217500,52280795906.75354,52.28079590675354,,,,,,,,25.111336,29.222616,2.4816892,3.215355,,,,-17.529582863642503,Industrials,Specialty Industrial Machinery,Germany,315000,2020-Q2
SIE GR,SIEMENS AG-REG,2020-05-01 00:00:00+02:00,2020,2,5,77.6689453125,66.75130838073011,79.60022773269647,63.22770851308288,62662187,783217500,60831677175.29297,60.83167717529297,,,,,,,,25.111336,29.222616,2.4816892,3.215355,,,,0.9726587331146064,Industrials,Specialty Industrial Machinery,Germany,315000,2020-Q2
SIE GR,SIEMENS AG-REG,2020-06-01 00:00:00+02:00,2020,2,6,82.57992553710938,77.66895568390584,86.26906553422369,74.7365626949939,65626212,783217500,64678042829.36096,64.67804282936096,,,,,,,,25.111336,29.222616,2.4816892,3.215355,,,,4.11382661392834,Industrials,Specialty Industrial Machinery,Germany,315000,2020-Q2
SIE GR,SIEMENS AG-REG,2020-07-01 00:00:00+02:00,2020,3,7,85.38618469238281,81.47632557733138,92.30725343942107,80.98759902550228,41656336,783217500,66875954109.306335,66.87595410930633,,,,,,,,25.111336,29.222616,2.4816892,3.215355,,,,13.752769561599454,Industrials,Specialty Industrial Machinery,Germany,315000,2020-Q3
SIE GR,SIEMENS AG-REG,2020-08-01 00:00:00+02:00,2020,3,8,91.17214965820312,85.44925291230844,95.11353198530395,85.44925291230844,34820875,783217500,71407623124.9237,71.4076231249237,,,,,,,,25.111336,29.222616,2.4816892,3.215355,,,,32.19805620962537,Industrials,Specialty Industrial Machinery,Germany,315000,2020-Q3
SIE GR,SIEMENS AG-REG,2020-09-01 00:00:00+02:00,2020,3,9,94.33516693115234,92.0707835328202,96.95850311949741,86.42671724694286,52842766,783217500,73884953605.89981,73.88495360589981,,,,,,,,25.111336,29.222616,2.4816892,3.215355,,,,26.62127305556603,Industrials,Specialty Industrial Machinery,Germany,315000,2020-Q3
SIE GR,SIEMENS AG-REG,2020-10-01 00:00:00+02:00,2020,4,10,88.05664825439453,94.96476818145916,98.72488603345946,86.13287106171325,36134171,783217500,68967507904.18625,68.96750790418625,,,,,,,,25.111336,29.222616,2.4816892,3.215355,,,,12.328847515444075,Industrials,Specialty Industrial Machinery,Germany,315000,2020-Q4
SIE GR,SIEMENS AG-REG,2020-11-01 00:00:00+01:00,2020,4,11,97.9378890991211,88.77369796939092,104.32134346792736,87.75934473003872,45312640,783217500,76706668655.49088,76.70666865549087,,,,,,,,25.111336,29.222616,2.4816892,3.215355,,,,10.277100001468998,Industrials,Specialty Industrial Machinery,Germany,315000,2020-Q4
SIE GR,SIEMENS AG-REG,2020-12-01 00:00:00+01:00,2020,4,12,102.76482391357422,98.44506802954182,104.70609383401491,97.37824353838148,34832095,783217500,80487208473.52982,80.48720847352982,,,,,,,,25.111336,29.222616,2.4816892,3.215355,,,,16.288057112896848,Industrials,Specialty Industrial Machinery,Germany,315000,2020-Q4
SIE GR,SIEMENS AG-REG,2021-01-01 00:00:00+01:00,2021,1,1,111.87654876708984,102.76482245314658,116.52859144640084,101.69800464863636,39916092,783217500,87623670833.98819,87.62367083398819,,,,,,,,25.111336,29.222616,2.4816892,3.215355,,,,32.155368151708075,Industrials,Specialty Industrial Machinery,Germany,315000,2021-Q1
SIE GR,SIEMENS AG-REG,2021-02-01 00:00:00+01:00,2021,1,2,111.9115219116211,112.90838243287698,120.25373158102786,110.93214069090321,33161301,783217500,87651062412.8151,87.6510624128151,,,,,,,,25.111336,29.222616,2.4816892,3.215355,,,,58.352356673980935,Industrials,Specialty Industrial Machinery,Germany,315000,2021-Q1
SIE GR,SIEMENS AG-REG,2021-03-01 00:00:00+01:00,2021,1,3,125.6561508178711,116.01652403191548,127.37943352849273,115.1189800975021,38044939,783217500,98416096303.19595,98.41609630319596,,,,,,,,25.111336,29.222616,2.4816892,3.215355,,,,105.76485042259871,Industrials,Specialty Industrial Machinery,Germany,315000,2021-Q1
SIE GR,SIEMENS AG-REG,2021-04-01 00:00:00+02:00,2021,2,4,124.59705352783203,125.65614877945082,131.00551656776668,123.80721049582252,25784254,783217500,97586592771.43478,97.58659277143478,,,,,,,,25.111336,29.222616,2.4816892,3.215355,,,,86.65858290582895,Industrials,Specialty Industrial Machinery,Germany,315000,2021-Q2
SIE GR,SIEMENS AG-REG,2021-05-01 00:00:00+02:00,2021,2,5,119.05023956298828,125.08173653878453,130.32339038582995,116.69867858748835,34443215,783217500,93242231004.92477,93.24223100492478,,,,,,,,25.111336,29.222616,2.4816892,3.215355,,,,53.279073230608674,Industrials,Specialty Industrial Machinery,Germany,315000,2021-Q2
SIE GR,SIEMENS AG-REG,2021-06-01 00:00:00+02:00,2021,2,6,119.92982482910156,119.78622819771368,124.9740314191219,118.85277476880239,29036753,783217500,93931137578.08685,93.93113757808685,,,,,,,,25.111336,29.222616,2.4816892,3.215355,,,,45.22878780655726,Industrials,Specialty Industrial Machinery,Germany,315000,2021-Q2
SIE GR,SIEMENS AG-REG,2021-07-01 00:00:00+02:00,2021,3,7,118.09883880615234,121.04278197175529,121.83262505852878,112.15709517957369,26259226,783217500,92497077282.65762,92.49707728265763,,,,,,,,25.111336,29.222616,2.4816892,3.215355,,,,38.311413294342664,Industrials,Specialty Industrial Machinery,Germany,315000,2021-Q3
SIE GR,SIEMENS AG-REG,2021-08-01 00:00:00+02:00,2021,3,8,126.41009521484375,119.1220422284948,129.24633757633998,118.94253616539238,21945908,783217500,99006598748.93188,99.00659874893188,,,,,,,,25.111336,29.222616,2.4816892,3.215355,,,,38.64990097167258,Industrials,Specialty Industrial Machinery,Germany,315000,2021-Q3
SIE GR,SIEMENS AG-REG,2021-09-01 00:00:00+02:00,2021,3,9,127.37944793701172,126.15878750031727,136.30103784551508,123.62772044059552,34534969,783217500,99765812764.60648,99.76581276460648,,,,,,,,25.111336,29.222616,2.4816892,3.215355,,,,35.0285922851822,Industrials,Specialty Industrial Machinery,Germany,315000,2021-Q3
SIE GR,SIEMENS AG-REG,2021-10-01 00:00:00+02:00,2021,4,10,125.90746307373047,124.74065321017713,128.74370521703028,120.00162229259364,24717494,783217500,98612928459.9495,98.61292845994949,,,,,,,,25.111336,29.222616,2.4816892,3.215355,,,,42.984619071561085,Industrials,Specialty Industrial Machinery,Germany,315000,2021-Q4
SIE GR,SIEMENS AG-REG,2021-11-01 00:00:00+01:00,2021,4,11,126.80501556396484,126.48189917528212,140.89645366261655,125.79977066381174,34549189,783217500,99315907277.46964,99.31590727746963,,,,,,,,25.111336,29.222616,2.4816892,3.215355,,,,29.47493225591975,Industrials,Specialty Industrial Machinery,Germany,315000,2021-Q4
SIE GR,SIEMENS AG-REG,2021-12-01 00:00:00+01:00,2021,4,12,137.03701782226562,128.07953211367584,138.8500606226678,126.71526133448165,23249561,783217500,107329790506.21033,107.32979050621033,,,,,,,,25.111336,29.222616,2.4816892,3.215355,,,,33.35012176687473,Industrials,Specialty Industrial Machinery,Germany,315000,2021-Q4
SIE GR,SIEMENS AG-REG,2022-01-01 00:00:00+01:00,2022,1,1,125.54846954345703,136.26514798595176,141.77606805643597,122.22754551093321,31832388,783217500,98331758444.65256,98.33175844465256,,,,,,,,25.111336,29.222616,2.4816892,3.215355,,,,12.220542130621205,Industrials,Specialty Industrial Machinery,Germany,315000,2022-Q1
SIE GR,SIEMENS AG-REG,2022-02-01 00:00:00+01:00,2022,1,2,113.68292236328125,126.71525092818844,133.9674078387898,108.45920989160052,46904699,783217500,89038454246.06323,89.03845424606324,,,,,,,,25.111336,29.222616,2.4816892,3.215355,,,,1.582857976910601,Industrials,Specialty Industrial Machinery,Germany,315000,2022-Q1
SIE GR,SIEMENS AG-REG,2022-03-01 00:00:00+01:00,2022,1,3,115.99224090576172,115.38301520511693,127.45669560636125,97.770950074027,60020403,783217500,90847152941.60843,90.84715294160843,,,,,,,,25.111336,29.222616,2.4816892,3.215355,,,,-7.690757554810402,Industrials,Specialty Industrial Machinery,Germany,315000,2022-Q1
SIE GR,SIEMENS AG-REG,2022-04-01 00:00:00+02:00,2022,2,4,108.71849060058594,116.63838241660194,117.22914288823566,104.10317001443492,29693667,783217500,85150224411.96442,85.15022441196442,,,,,,,,25.111336,29.222616,2.4816892,3.215355,,,,-12.743931319129631,Industrials,Specialty Industrial Machinery,Germany,315000,2022-Q2
SIE GR,SIEMENS AG-REG,2022-05-01 00:00:00+02:00,2022,2,5,113.01997375488281,107.26004854248973,115.12455883377166,99.82015394617414,29669923,783217500,88519221294.36493,88.51922129436493,,,,,,,,25.111336,29.222616,2.4816892,3.215355,,,,-5.065311779498705,Industrials,Specialty Industrial Machinery,Germany,315000,2022-Q2
SIE GR,SIEMENS AG-REG,2022-06-01 00:00:00+02:00,2022,2,6,89.62030029296875,114.07227615665775,116.52762328016954,88.87262054041103,39514229,783217500,70192187544.70825,70.19218754470825,,,,,,,,25.111336,29.222616,2.4816892,3.215355,,,,-25.27271642339467,Industrials,Specialty Industrial Machinery,Germany,315000,2022-Q2
SIE GR,SIEMENS AG-REG,2022-07-01 00:00:00+02:00,2022,3,7,100.18938446044922,87.89417016911695,100.57706971626467,86.4634179085905,33370435,783217500,78470079223.65189,78.47007922365188,,,,,,,,25.111336,29.222616,2.4816892,3.215355,,,,-15.164801387336023,Industrials,Specialty Industrial Machinery,Germany,315000,2022-Q3
SIE GR,SIEMENS AG-REG,2022-08-01 00:00:00+02:00,2022,3,8,93.3033218383789,99.96784583289458,104.02932227901448,93.3033218383789,29997474,783217500,73076794471.95053,73.07679447195054,,,,,,,,25.111336,29.222616,2.4816892,3.215355,,,,-26.189975824476143,Industrials,Specialty Industrial Machinery,Germany,315000,2022-Q3
SIE GR,SIEMENS AG-REG,2022-09-01 00:00:00+02:00,2022,3,9,93.41409301757812,92.60179906733184,100.44784466608327,87.75571207986772,37660208,783217500,73163552397.995,73.16355239799499,,,,,,,,25.111336,29.222616,2.4816892,3.215355,,,,-26.664705703724856,Industrials,Specialty Industrial Machinery,Germany,315000,2022-Q3
SIE GR,SIEMENS AG-REG,2022-10-01 00:00:00+02:00,2022,4,10,102.12781524658203,91.42027269812725,104.0847137463974,90.39567094575067,29980579,783217500,79988292137.88986,79.98829213788986,,,,,,,,25.111336,29.222616,2.4816892,3.215355,,,,-18.886607073659533,Industrials,Specialty Industrial Machinery,Germany,315000,2022-Q4
SIE GR,SIEMENS AG-REG,2022-11-01 00:00:00+01:00,2022,4,11,121.12447357177734,102.95857161566043,124.48442636686386,98.67555471110134,36801047,783217500,94866807379.70352,94.86680737970352,,,,,,,,25.111336,29.222616,2.4816892,3.215355,,,,-4.4797455107933315,Industrials,Specialty Industrial Machinery,Germany,315000,2022-Q4
SIE GR,SIEMENS AG-REG,2022-12-01 00:00:00+01:00,2022,4,12,119.6660385131836,122.73061832029933,126.49670774168662,116.21378048701759,26765880,783217500,93724535519.19937,93.72453551919938,,,,,,,,25.111336,29.222616,2.4816892,3.215355,,,,-12.676121813750985,Industrials,Specialty Industrial Machinery,Germany,315000,2022-Q4
SIE GR,SIEMENS AG-REG,2023-01-01 00:00:00+01:00,2023,1,1,131.90585327148438,119.8506384690421,135.09966123097473,119.38910642248709,23393779,783217500,103310972634.65881,103.31097263465881,,,,,,,,25.111336,29.222616,2.4816892,3.215355,,,,5.063688749966655,Industrials,Specialty Industrial Machinery,Germany,315000,2023-Q1
SIE GR,SIEMENS AG-REG,2023-02-01 00:00:00+01:00,2023,1,2,133.56736755371094,131.8873982774501,140.4903480497724,128.8966656326092,29774293,783217500,104612299696.9986,104.61229969699859,,,,,,,,25.111336,29.222616,2.4816892,3.215355,,,,17.491145351531024,Industrials,Specialty Industrial Machinery,Germany,315000,2023-Q1
SIE GR,SIEMENS AG-REG,2023-03-01 00:00:00+01:00,2023,1,3,141.81008911132812,137.9527352538644,143.8622820838429,127.93881697604458,35181414,783217500,111068143468.55164,111.06814346855164,,,,,,,,25.111336,29.222616,2.4816892,3.215355,,,,22.25825452112975,Industrials,Specialty Industrial Machinery,Germany,315000,2023-Q1
SIE GR,SIEMENS AG-REG,2023-04-01 00:00:00+02:00,2023,2,4,141.46807861328125,141.33506689083373,142.41816648710366,132.99329651844818,19773740,783217500,110800274861.2976,110.80027486129761,,,,,,,,25.111336,29.222616,2.4816892,3.215355,,,,30.123291660672493,Industrials,Specialty Industrial Machinery,Germany,315000,2023-Q2
SIE GR,SIEMENS AG-REG,2023-05-01 00:00:00+02:00,2023,2,5,145.68646240234375,141.46807017465065,152.98314437658874,139.75792370153363,26479101,783217500,114104186866.60767,114.10418686660766,,,,,,,,25.111336,29.222616,2.4816892,3.215355,,,,28.903288119945824,Industrials,Specialty Industrial Machinery,Germany,315000,2023-Q2
SIE GR,SIEMENS AG-REG,2023-06-01 00:00:00+02:00,2023,2,6,144.9263916015625,146.9975906151052,158.66466803929754,142.24715145225198,35415093,783217500,113508886114.19678,113.50888611419678,,,,,,,,25.111336,29.222616,2.4816892,3.215355,,,,61.71156660689392,Industrials,Specialty Industrial Machinery,Germany,315000,2023-Q2
SIE GR,SIEMENS AG-REG,2023-07-01 00:00:00+02:00,2023,3,7,147.24459838867188,145.17341401078627,148.51772701706687,134.39942218904687,23490753,783217500,115324546238.47961,115.32454623847961,,,,,,,,25.111336,29.222616,2.4816892,3.215355,,,,46.96626711665064,Industrials,Specialty Industrial Machinery,Germany,315000,2023-Q3
SIE GR,SIEMENS AG-REG,2023-08-01 00:00:00+02:00,2023,3,8,131.94821166992188,147.96669418053847,147.96669418053847,126.83673414901051,30158481,783217500,103344148473.58704,103.34414847358704,,,,,,,,25.111336,29.222616,2.4816892,3.215355,,,,41.418557314051576,Industrials,Specialty Industrial Machinery,Germany,315000,2023-Q3
SIE GR,SIEMENS AG-REG,2023-09-01 00:00:00+02:00,2023,3,9,128.888916015625,131.96719124735745,133.16431116831075,123.18838914537734,29727824,783217500,100948054579.46777,100.94805457946778,,,,,,,,25.111336,29.222616,2.4816892,3.215355,,,,37.97587906930855,Industrials,Specialty Industrial Machinery,Germany,315000,2023-Q3
SIE GR,SIEMENS AG-REG,2023-10-01 00:00:00+02:00,2023,4,10,118.72296905517578,129.68698299266543,132.38522882981746,113.51649203893228,27344763,783217500,92985907015.97214,92.98590701597213,,,,,,,,25.111336,29.222616,2.4816892,3.215355,,,,16.249396668797477,Industrials,Specialty Industrial Machinery,Germany,315000,2023-Q4
SIE GR,SIEMENS AG-REG,2023-11-01 00:00:00+01:00,2023,4,11,146.3135223388672,118.77997449117142,146.59855158052363,117.88689688126429,30404187,783217500,114595311182.44171,114.5953111824417,,,,,,,,25.111336,29.222616,2.4816892,3.215355,,,,20.796002677496084,Industrials,Specialty Industrial Machinery,Germany,315000,2023-Q4
SIE GR,SIEMENS AG-REG,2023-12-01 00:00:00+01:00,2023,4,12,161.43890380859375,146.5795324324153,161.43890380859375,146.40852360128991,27755742,783217500,126441774643.70728,126.44177464370728,,,,,,,,25.111336,29.222616,2.4816892,3.215355,,,,34.90787011455054,Industrials,Specialty Industrial Machinery,Germany,315000,2023-Q4
SIE GR,SIEMENS AG-REG,2024-01-01 00:00:00+01:00,2024,1,1,158.36062622070312,161.43891588594218,162.52201538899476,149.90485067030926,25637157,783217500,124030813767.01355,124.03081376701356,,,,,,,,25.111336,29.222616,2.4816892,3.215355,,,,20.055799112091254,Industrials,Specialty Industrial Machinery,Germany,315000,2024-Q1
SIE GR,SIEMENS AG-REG,2024-02-01 00:00:00+01:00,2024,1,2,173.80906677246094,158.09460623219627,174.05608438477125,153.97122860446134,28841093,783217500,136130302754.85992,136.1303027548599,,,,,,,,25.111336,29.222616,2.4816892,3.215355,,,,30.128391354698046,Industrials,Specialty Industrial Machinery,Germany,315000,2024-Q1
SIE GR,SIEMENS AG-REG,2024-03-01 00:00:00+01:00,2024,1,3,172.914306640625,180.28191887887914,182.70521637791526,167.03193308020056,27678545,783217500,135429510961.30371,135.42951096130372,,,,,,,,25.111336,29.222616,2.4816892,3.215355,,,,21.933712702823627,Industrials,Specialty Industrial Machinery,Germany,315000,2024-Q1
SIE GR,SIEMENS AG-REG,2024-04-01 00:00:00+02:00,2024,2,4,171.8785400390625,172.95339762670739,174.82950048973646,166.60200166866446,22902865,783217500,134618280433.04443,134.61828043304445,18900000000.0,18900.0,7748000000.0,1980000000.0,2613000000.0,4076000000.0,1.7806650850931804,25.111336,29.222616,2.4816892,3.215355,,,,21.496341594425438,Industrials,Specialty Industrial Machinery,Germany,315000,2024-Q2
SIE GR,SIEMENS AG-REG,2024-05-01 00:00:00+02:00,2024,2,5,172.2303009033203,171.62448024679207,184.56178990931352,166.5238198078033,27241784,783217500,134893785697.74628,134.89378569774627,18900000000.0,18900.0,7748000000.0,1980000000.0,2613000000.0,4076000000.0,1.7843093346262735,25.111336,29.222616,2.4816892,3.215355,,0.0,,18.219838729881555,Industrials,Specialty Industrial Machinery,Germany,315000,2024-Q2
SIE GR,SIEMENS AG-REG,2024-06-01 00:00:00+02:00,2024,2,6,169.74838256835938,174.7122444622486,175.49395769694468,161.89218617907667,23092623,783217500,132949903824.23401,132.949903824234,18900000000.0,18900.0,7748000000.0,1980000000.0,2613000000.0,4076000000.0,1.7585966114316667,25.111336,29.222616,2.4816892,3.215355,,0.0,,17.127309037706873,Industrials,Specialty Industrial Machinery,Germany,315000,2024-Q2
SIE GR,SIEMENS AG-REG,2024-07-01 00:00:00+02:00,2024,3,7,165.54669189453125,173.53968721901919,180.67278155886999,162.3026020026172,21299590,783217500,129659066158.90503,129.65906615890503,20811000000.0,20811.0,7926000000.0,1900000000.0,2652000000.0,4187000000.0,1.5575785180782402,25.111336,29.222616,2.4816892,3.215355,,10.111111111111114,,12.429721501598689,Industrials,Specialty Industrial Machinery,Germany,315000,2024-Q3
SIE GR,SIEMENS AG-REG,2024-08-01 00:00:00+02:00,2024,3,8,166.03524780273438,163.22108625880935,167.1101053118555,147.23511177279357,22807013,783217500,130041711695.93811,130.04171169593812,20811000000.0,20811.0,7926000000.0,1900000000.0,2652000000.0,4187000000.0,1.56217519215725,25.111336,29.222616,2.4816892,3.215355,,0.0,10.111111111111114,25.833647687536466,Industrials,Specialty Industrial Machinery,Germany,315000,2024-Q3
SIE GR,SIEMENS AG-REG,2024-09-01 00:00:00+02:00,2024,3,9,177.1941680908203,166.05480294511858,180.77049607810238,156.57656910571416,25257241,783217500,138781573346.67206,138.78157334667205,20811000000.0,20811.0,7926000000.0,1900000000.0,2652000000.0,4187000000.0,1.6671660822001833,25.111336,29.222616,2.4816892,3.215355,,0.0,10.111111111111114,37.4782049290719,Industrials,Specialty Industrial Machinery,Germany,315000,2024-Q3
SIE GR,SIEMENS AG-REG,2024-10-01 00:00:00+02:00,2024,4,10,174.32138061523438,177.76090990637863,182.15803008354482,172.0348817014935,22838017,783217500,136531555922.01233,136.53155592201233,18353000000.0,18353.0,7089000000.0,3705000000.0,2064000000.0,3541000000.0,1.8597988874027724,25.111336,29.222616,2.4816892,3.215355,,-11.811061457882854,-2.8941798941798935,46.83037494978714,Industrials,Specialty Industrial Machinery,Germany,315000,2024-Q4
SIE GR,SIEMENS AG-REG,2024-11-01 00:00:00+01:00,2024,4,11,178.97256469726562,175.22035908862068,191.03044168345195,169.74838139355873,27623663,783217500,140174444690.78064,140.17444469078063,18353000000.0,18353.0,7089000000.0,3705000000.0,2064000000.0,3541000000.0,1.909421411905147,25.111336,29.222616,2.4816892,3.215355,,0.0,-11.811061457882854,22.32127409437863,Industrials,Specialty Industrial Machinery,Germany,315000,2024-Q4
SIE GR,SIEMENS AG-REG,2024-12-01 00:00:00+01:00,2024,4,12,185.2653350830078,178.28857170308743,192.20300460088959,177.7609089351442,18850421,783217500,145103052580.37567,145.10305258037567,18353000000.0,18353.0,7089000000.0,3705000000.0,2064000000.0,3541000000.0,1.9765576824003661,25.111336,29.222616,2.4816892,3.215355,,0.0,-11.811061457882854,14.758791538044203,Industrials,Specialty Industrial Machinery,Germany,315000,2024-Q4
SIE GR,SIEMENS AG-REG,2025-01-01 00:00:00+01:00,2025,1,1,202.7072296142578,185.26532917558418,204.61264530454125,181.94305177540403,21660608,783217500,158763849610.40497,158.76384961040498,19757000000.0,19757.0,7669000000.0,2251000000.0,2668000000.0,4343000000.0,2.0089569470365563,25.111336,29.222616,2.4816892,3.215355,,7.649975480847826,-5.064629282590937,28.003553946389403,Industrials,Specialty Industrial Machinery,Germany,315000,2025-Q1
SIE GR,SIEMENS AG-REG,2025-02-01 00:00:00+01:00,2025,1,2,216.14288330078125,196.6489867287853,223.08056780276655,194.64585121117491,29276852,783217500,169286888701.62964,169.28688870162964,19757000000.0,19757.0,7669000000.0,2251000000.0,2668000000.0,4343000000.0,2.142112779035654,25.111336,29.222616,2.4816892,3.215355,,0.0,7.649975480847826,24.35650643228002,Industrials,Specialty Industrial Machinery,Germany,315000,2025-Q1
SIE GR,SIEMENS AG-REG,2025-03-01 00:00:00+01:00,2025,1,3,211.89999389648438,221.5,244.85000610351562,208.0,39032095,783217500,165963783469.61975,165.96378346961976,19757000000.0,19757.0,7669000000.0,2251000000.0,2668000000.0,4343000000.0,2.100063059543703,25.111336,29.222616,2.4816892,3.215355,,0.0,7.649975480847826,22.54624733677182,Industrials,Specialty Industrial Machinery,Germany,315000,2025-Q1
SIE GR,SIEMENS AG-REG,2025-04-01 00:00:00+02:00,2025,2,4,201.9499969482422,214.35000610351562,216.35000610351562,162.3800048828125,41484751,783217500,158170771734.80988,158.17077173480988,19377000000.0,19377.0,7537000000.0,2046000000.0,2614000000.0,4230000000.0,2.040702530510526,25.111336,29.222616,2.4816892,3.215355,,-1.923368932530245,5.579469296572759,17.495760030510745,Industrials,Specialty Industrial Machinery,Germany,315000,2025-Q2
SIE GR,SIEMENS AG-REG,2025-05-01 00:00:00+02:00,2025,2,5,211.8000030517578,206.6999969482422,226.9499969482422,204.0500030517578,25182775,783217500,165885468890.19012,165.8854688901901,19377000000.0,19377.0,7537000000.0,2046000000.0,2614000000.0,4230000000.0,2.140236735436215,25.111336,29.222616,2.4816892,3.215355,,0.0,-1.923368932530245,22.974878369776253,Industrials,Specialty Industrial Machinery,Germany,315000,2025-Q2
SIE GR,SIEMENS AG-REG,2025-06-01 00:00:00+02:00,2025,2,6,217.64999389648438,210.64999389648438,224.5,206.6999969482422,21582779,783217500,170467284094.61975,170.46728409461974,19377000000.0,19377.0,7537000000.0,2046000000.0,2614000000.0,4230000000.0,2.1993508295223685,25.111336,29.222616,2.4816892,3.215355,,0.0,-1.923368932530245,28.219185716738448,Industrials,Specialty Industrial Machinery,Germany,315000,2025-Q2
SIE GR,SIEMENS AG-REG,2025-07-01 00:00:00+02:00,2025,3,7,224.89999389648438,217.35000610351562,232.10000610351562,213.75,19004380,783217500,176145610969.61975,176.14561096961975,,,,,,,,25.111336,29.222616,2.4816892,3.215355,,0.0,-1.923368932530245,35.8529073113504,Industrials,Specialty Industrial Machinery,Germany,315000,2025-Q3
SIE GR,SIEMENS AG-REG,2025-08-01 00:00:00+02:00,2025,3,8,236.60000610351562,222.14999389648438,240.60000610351562,212.9499969482422,18001940,783217500,185309265280.38025,185.30926528038026,,,,,,,,25.111336,29.222616,2.4816892,3.215355,,0.0,0.0,42.49986628418736,Industrials,Specialty Industrial Machinery,Germany,315000,2025-Q3
SIE GR,SIEMENS AG-REG,2025-09-01 00:00:00+02:00,2025,3,9,226.1999969482422,238.10000610351562,239.9499969482422,220.3000030517578,18684173,783217500,177163796109.80988,177.16379610980988,,,,,,,,25.111336,29.222616,2.4816892,3.215355,,0.0,0.0,27.656569843937582,Industrials,Specialty Industrial Machinery,Germany,315000,2025-Q3
SIE GR,SIEMENS AG-REG,2025-10-01 00:00:00+02:00,2025,4,10,248.10000610351562,228.60000610351562,248.6999969482422,226.64999389648438,4658517,783217500,194316266530.38025,194.31626653038026,,,,,,,,25.111336,29.222616,2.4816892,3.215355,,0.0,0.0,42.32333706163498,Industrials,Specialty Industrial Machinery,Germany,315000,2025-Q4
