ticker,company_name,date,year,quarter,month,close_price,open_price,high_price,low_price,volume,shares_outstanding,market_cap,market_cap_billions,revenue,revenue_millions,gross_profit,net_income,operating_income,ebitda,ps_ratio,current_pe,forward_pe,current_ps,current_pb,peg_ratio,revenue_qoq_pct,revenue_yoy_pct,market_cap_yoy_pct,sector,industry,country,employees,year_quarter
SMCI,SUPER MICRO COMPUTER INC,2015-01-01 00:00:00-05:00,2015,1,1,3.6570000648498535,3.5230000019073486,3.9800000190734863,3.2209999561309814,120634000,594273308,2173257525.894537,2.173257525894537,,,,,,,,28.74405,11.389152,1.3060896,4.5530834,,,,,Technology,Computer Hardware,United States,6238,2015-Q1
SMCI,SUPER MICRO COMPUTER INC,2015-02-01 00:00:00-05:00,2015,1,2,4.01800012588501,3.700000047683716,4.199999809265137,3.5309998989105225,102509000,594273308,2387790226.354101,2.387790226354101,,,,,,,,28.74405,11.389152,1.3060896,4.5530834,,,,,Technology,Computer Hardware,United States,6238,2015-Q1
SMCI,SUPER MICRO COMPUTER INC,2015-03-01 00:00:00-05:00,2015,1,3,3.321000099182129,4.020999908447266,4.056000232696533,3.2090001106262207,115669000,594273308,1973581714.8092918,1.9735817148092918,,,,,,,,28.74405,11.389152,1.3060896,4.5530834,,,,,Technology,Computer Hardware,United States,6238,2015-Q1
SMCI,SUPER MICRO COMPUTER INC,2015-04-01 00:00:00-04:00,2015,2,4,2.877000093460083,3.312999963760376,3.7990000247955322,2.8340001106262207,162250000,594273308,1709724362.6568327,1.7097243626568326,,,,,,,,28.74405,11.389152,1.3060896,4.5530834,,,,,Technology,Computer Hardware,United States,6238,2015-Q2
SMCI,SUPER MICRO COMPUTER INC,2015-05-01 00:00:00-04:00,2015,2,5,3.3459999561309814,2.882999897003174,3.446000099182129,2.880000114440918,126272000,594273308,1988438462.4978132,1.9884384624978133,,,,,,,,28.74405,11.389152,1.3060896,4.5530834,,,,,Technology,Computer Hardware,United States,6238,2015-Q2
SMCI,SUPER MICRO COMPUTER INC,2015-06-01 00:00:00-04:00,2015,2,6,2.9579999446868896,3.4739999771118164,3.5510001182556152,2.931999921798706,129134000,594273308,1757860412.192895,1.757860412192895,,,,,,,,28.74405,11.389152,1.3060896,4.5530834,,,,,Technology,Computer Hardware,United States,6238,2015-Q2
SMCI,SUPER MICRO COMPUTER INC,2015-07-01 00:00:00-04:00,2015,3,7,2.6670000553131104,2.9800000190734863,3.046999931335449,2.4590001106262207,136514000,594273308,1584926945.307105,1.584926945307105,,,,,,,,28.74405,11.389152,1.3060896,4.5530834,,,,,Technology,Computer Hardware,United States,6238,2015-Q3
SMCI,SUPER MICRO COMPUTER INC,2015-08-01 00:00:00-04:00,2015,3,8,2.734999895095825,2.6500000953674316,2.8970000743865967,2.3420000076293945,135562000,594273308,1625337435.038249,1.625337435038249,,,,,,,,28.74405,11.389152,1.3060896,4.5530834,,,,,Technology,Computer Hardware,United States,6238,2015-Q3
SMCI,SUPER MICRO COMPUTER INC,2015-09-01 00:00:00-04:00,2015,3,9,2.7260000705718994,2.6500000953674316,2.993000030517578,2.3420000076293945,157271000,594273308,1619989079.546996,1.6199890795469962,,,,,,,,28.74405,11.389152,1.3060896,4.5530834,,,,,Technology,Computer Hardware,United States,6238,2015-Q3
SMCI,SUPER MICRO COMPUTER INC,2015-10-01 00:00:00-04:00,2015,4,10,2.821000099182129,2.7209999561309814,3.2090001106262207,2.510999917984009,161848000,594273308,1676445060.8092918,1.6764450608092918,,,,,,,,28.74405,11.389152,1.3060896,4.5530834,,,,,Technology,Computer Hardware,United States,6238,2015-Q4
SMCI,SUPER MICRO COMPUTER INC,2015-11-01 00:00:00-04:00,2015,4,11,2.4560000896453857,2.819000005722046,3.0840001106262207,2.312000036239624,103033000,594273308,1459535297.72186,1.4595352977218599,,,,,,,,28.74405,11.389152,1.3060896,4.5530834,,,,,Technology,Computer Hardware,United States,6238,2015-Q4
SMCI,SUPER MICRO COMPUTER INC,2015-12-01 00:00:00-05:00,2015,4,12,2.4509999752044678,2.4690001010894775,2.7039999961853027,2.2309999465942383,114079000,594273308,1456563863.172677,1.456563863172677,,,,,,,,28.74405,11.389152,1.3060896,4.5530834,,,,,Technology,Computer Hardware,United States,6238,2015-Q4
SMCI,SUPER MICRO COMPUTER INC,2016-01-01 00:00:00-05:00,2016,1,1,2.9779999256134033,2.388000011444092,3.1600000858306885,2.125,186010000,594273308,1769745867.0180311,1.769745867018031,,,,,,,,28.74405,11.389152,1.3060896,4.5530834,,,,-18.56713500671836,Technology,Computer Hardware,United States,6238,2016-Q1
SMCI,SUPER MICRO COMPUTER INC,2016-02-01 00:00:00-05:00,2016,1,2,3.246999979019165,2.9619998931884766,3.328000068664551,2.9110000133514404,128782000,594273308,1929605418.6076498,1.92960541860765,,,,,,,,28.74405,11.389152,1.3060896,4.5530834,,,,-19.18865412419626,Technology,Computer Hardware,United States,6238,2016-Q1
SMCI,SUPER MICRO COMPUTER INC,2016-03-01 00:00:00-05:00,2016,1,3,3.4079999923706055,3.2699999809265137,3.447000026702881,3.058000087738037,68795000,594273308,2025283429.1300545,2.0252834291300545,,,,,,,,28.74405,11.389152,1.3060896,4.5530834,,,,2.6196895691120936,Technology,Computer Hardware,United States,6238,2016-Q1
SMCI,SUPER MICRO COMPUTER INC,2016-04-01 00:00:00-04:00,2016,2,4,2.690999984741211,3.36299991607666,3.4690001010894775,2.609999895095825,109208000,594273308,1599189462.760109,1.5991894627601089,,,,,,,,28.74405,11.389152,1.3060896,4.5530834,,,,-6.465071347814078,Technology,Computer Hardware,United States,6238,2016-Q2
SMCI,SUPER MICRO COMPUTER INC,2016-05-01 00:00:00-04:00,2016,2,5,2.624000072479248,2.691999912261963,2.7200000286102295,2.438999891281128,91997000,594273308,1559373203.2644825,1.5593732032644825,,,,,,,,28.74405,11.389152,1.3060896,4.5530834,,,,-21.57800039204395,Technology,Computer Hardware,United States,6238,2016-Q2
SMCI,SUPER MICRO COMPUTER INC,2016-06-01 00:00:00-04:00,2016,2,6,2.484999895095825,2.625999927520752,2.7060000896453857,2.3429999351501465,93874000,594273308,1476769108.038249,1.476769108038249,,,,,,,,28.74405,11.389152,1.3060896,4.5530834,,,,-15.990536120213905,Technology,Computer Hardware,United States,6238,2016-Q2
SMCI,SUPER MICRO COMPUTER INC,2016-07-01 00:00:00-04:00,2016,3,7,2.1549999713897705,2.4769999980926514,2.6559998989105225,1.8600000143051147,176147000,594273308,1280658961.7377043,1.2806589617377042,,,,,,,,28.74405,11.389152,1.3060896,4.5530834,,,,-19.197603048539502,Technology,Computer Hardware,United States,6238,2016-Q3
SMCI,SUPER MICRO COMPUTER INC,2016-08-01 00:00:00-04:00,2016,3,8,2.1630001068115234,2.1489999294281006,2.2300000190734863,1.9320000410079956,86766000,594273308,1285413228.6792374,1.2854132286792375,,,,,,,,28.74405,11.389152,1.3060896,4.5530834,,,,-20.914069843657558,Technology,Computer Hardware,United States,6238,2016-Q3
SMCI,SUPER MICRO COMPUTER INC,2016-09-01 00:00:00-04:00,2016,3,9,2.3369998931884766,2.1740000247955322,2.380000114440918,2.0769999027252197,71641000,594273308,1388816657.3207626,1.3888166573207625,,,,,,,,28.74405,11.389152,1.3060896,4.5530834,,,,-14.269998800910255,Technology,Computer Hardware,United States,6238,2016-Q3
SMCI,SUPER MICRO COMPUTER INC,2016-10-01 00:00:00-04:00,2016,4,10,2.369999885559082,2.3369998931884766,2.490000009536743,2.125999927520752,73523000,594273308,1408427671.950817,1.408427671950817,,,,,,,,28.74405,11.389152,1.3060896,4.5530834,,,,-15.98724557839618,Technology,Computer Hardware,United States,6238,2016-Q4
SMCI,SUPER MICRO COMPUTER INC,2016-11-01 00:00:00-04:00,2016,4,11,2.734999895095825,2.359999895095825,2.7699999809265137,2.197999954223633,75522000,594273308,1625337435.038249,1.625337435038249,,,,,,,,28.74405,11.389152,1.3060896,4.5530834,,,,11.359926517377428,Technology,Computer Hardware,United States,6238,2016-Q4
SMCI,SUPER MICRO COMPUTER INC,2016-12-01 00:00:00-05:00,2016,4,12,2.805000066757202,2.7300000190734863,2.9579999446868896,2.5950000286102295,60359000,594273308,1666936668.6120234,1.6669366686120233,,,,,,,,28.74405,11.389152,1.3060896,4.5530834,,,,14.44308833675949,Technology,Computer Hardware,United States,6238,2016-Q4
SMCI,SUPER MICRO COMPUTER INC,2017-01-01 00:00:00-05:00,2017,1,1,2.6449999809265137,2.825000047683716,3.174999952316284,2.484999895095825,84437000,594273308,1571852888.3251362,1.5718528883251361,,,,,,,,28.74405,11.389152,1.3060896,4.5530834,,,,-11.181999765104056,Technology,Computer Hardware,United States,6238,2017-Q1
SMCI,SUPER MICRO COMPUTER INC,2017-02-01 00:00:00-05:00,2017,1,2,2.5999999046325684,2.674999952316284,2.744999885559082,2.5299999713897705,70256000,594273308,1545110544.125681,1.545110544125681,,,,,,,,28.74405,11.389152,1.3060896,4.5530834,,,,-19.926088037180666,Technology,Computer Hardware,United States,6238,2017-Q1
SMCI,SUPER MICRO COMPUTER INC,2017-03-01 00:00:00-05:00,2017,1,3,2.5350000858306885,2.615000009536743,2.680000066757202,2.434999942779541,70155000,594273308,1506482886.7868872,1.5064828867868871,,,,,,,,28.74405,11.389152,1.3060896,4.5530834,,,,-25.616194498071522,Technology,Computer Hardware,United States,6238,2017-Q1
SMCI,SUPER MICRO COMPUTER INC,2017-04-01 00:00:00-04:00,2017,2,4,2.440000057220459,2.5399999618530273,2.575000047683716,2.2300000190734863,88203000,594273308,1450026905.5245914,1.4500269055245913,,,,,,,,28.74405,11.389152,1.3060896,4.5530834,,,,-9.327384947751693,Technology,Computer Hardware,United States,6238,2017-Q2
SMCI,SUPER MICRO COMPUTER INC,2017-05-01 00:00:00-04:00,2017,2,5,2.4600000381469727,2.444999933242798,2.505000114440918,2.315000057220459,95915000,594273308,1461912360.3497276,1.4619123603497277,,,,,,,,28.74405,11.389152,1.3060896,4.5530834,,,,-6.250001135759209,Technology,Computer Hardware,United States,6238,2017-Q2
SMCI,SUPER MICRO COMPUTER INC,2017-06-01 00:00:00-04:00,2017,2,6,2.4649999141693115,2.4700000286102295,2.5450000762939453,2.3450000286102295,77950000,594273308,1464883653.2131128,1.4648836532131129,,,,,,,,28.74405,11.389152,1.3060896,4.5530834,,,,-0.8048282402741247,Technology,Computer Hardware,United States,6238,2017-Q2
SMCI,SUPER MICRO COMPUTER INC,2017-07-01 00:00:00-04:00,2017,3,7,2.684999942779541,2.4800000190734863,2.759999990463257,2.384999990463257,81788000,594273308,1595623797.9754086,1.5956237979754087,,,,,,,,28.74405,11.389152,1.3060896,4.5530834,,,,24.593966516295175,Technology,Computer Hardware,United States,6238,2017-Q3
SMCI,SUPER MICRO COMPUTER INC,2017-08-01 00:00:00-04:00,2017,3,8,2.6630001068115234,2.690000057220459,2.7899999618530273,2.5,107857000,594273308,1582549882.6792374,1.5825498826792375,,,,,,,,28.74405,11.389152,1.3060896,4.5530834,,,,23.116041392020527,Technology,Computer Hardware,United States,6238,2017-Q3
SMCI,SUPER MICRO COMPUTER INC,2017-09-01 00:00:00-04:00,2017,3,9,2.2100000381469727,2.680000066757202,2.700000047683716,2.0420000553131104,135712000,594273308,1313344033.3497276,1.3133440333497277,,,,,,,,28.74405,11.389152,1.3060896,4.5530834,,,,-5.434311546682702,Technology,Computer Hardware,United States,6238,2017-Q3
SMCI,SUPER MICRO COMPUTER INC,2017-10-01 00:00:00-04:00,2017,4,10,1.9900000095367432,2.234999895095825,2.3499999046325684,1.7699999809265137,116865000,594273308,1182603888.587432,1.182603888587432,,,,,,,,28.74405,11.389152,1.3060896,4.5530834,,,,-16.033750817363313,Technology,Computer Hardware,United States,6238,2017-Q4
SMCI,SUPER MICRO COMPUTER INC,2017-11-01 00:00:00-04:00,2017,4,11,2.2049999237060547,2.009999990463257,2.234999895095825,1.9210000038146973,83822000,594273308,1310372598.8005447,1.3103725988005448,,,,,,,,28.74405,11.389152,1.3060896,4.5530834,,,,-19.37842748513894,Technology,Computer Hardware,United States,6238,2017-Q4
SMCI,SUPER MICRO COMPUTER INC,2017-12-01 00:00:00-05:00,2017,4,12,2.0929999351501465,2.2100000381469727,2.234999895095825,2.0399999618530273,80785000,594273308,1243813995.105463,1.243813995105463,,,,,,,,28.74405,11.389152,1.3060896,4.5530834,,,,-25.383248294542216,Technology,Computer Hardware,United States,6238,2017-Q4
SMCI,SUPER MICRO COMPUTER INC,2018-01-01 00:00:00-05:00,2018,1,1,2.2829999923706055,2.0899999141693115,2.4800000190734863,2.0850000381469727,109450000,594273308,1356725957.6300545,1.3567259576300545,,,,,,,,28.74405,11.389152,1.3060896,4.5530834,,,,-13.686200044096175,Technology,Computer Hardware,United States,6238,2018-Q1
SMCI,SUPER MICRO COMPUTER INC,2018-02-01 00:00:00-05:00,2018,1,2,1.809999942779541,2.265000104904175,2.265000104904175,1.8049999475479126,109108000,594273308,1075634653.4754086,1.0756346534754087,,,,,,,,28.74405,11.389152,1.3060896,4.5530834,,,,-30.384615031925165,Technology,Computer Hardware,United States,6238,2018-Q1
SMCI,SUPER MICRO COMPUTER INC,2018-03-01 00:00:00-05:00,2018,1,3,1.7000000476837158,1.815000057220459,1.9950000047683716,1.6100000143051147,100397000,594273308,1010264651.9371595,1.0102646519371596,,,,,,,,28.74405,11.389152,1.3060896,4.5530834,,,,-32.93885640533828,Technology,Computer Hardware,United States,6238,2018-Q1
SMCI,SUPER MICRO COMPUTER INC,2018-04-01 00:00:00-04:00,2018,2,4,1.7699999809265137,1.7000000476837158,1.840000033378601,1.625,60094000,594273308,1051863743.8251362,1.0518637438251361,,,,,,,,28.74405,11.389152,1.3060896,4.5530834,,,,-27.459018876302,Technology,Computer Hardware,United States,6238,2018-Q2
SMCI,SUPER MICRO COMPUTER INC,2018-05-01 00:00:00-04:00,2018,2,5,2.4100000858306885,1.7599999904632568,2.444999933242798,1.7549999952316284,108161000,594273308,1432198723.2868872,1.4321987232868871,,,,,,,,28.74405,11.389152,1.3060896,4.5530834,,,,-2.0325183553227655,Technology,Computer Hardware,United States,6238,2018-Q2
SMCI,SUPER MICRO COMPUTER INC,2018-06-01 00:00:00-04:00,2018,2,6,2.365000009536743,2.430000066757202,2.7149999141693115,2.36299991607666,78901000,594273308,1405456379.087432,1.405456379087432,,,,,,,,28.74405,11.389152,1.3060896,4.5530834,,,,-4.05679140424099,Technology,Computer Hardware,United States,6238,2018-Q2
SMCI,SUPER MICRO COMPUTER INC,2018-07-01 00:00:00-04:00,2018,3,7,2.2100000381469727,2.359999895095825,2.494999885559082,2.1679999828338623,54409000,594273308,1313344033.3497276,1.3133440333497277,,,,,,,,28.74405,11.389152,1.3060896,4.5530834,,,,-17.690872057927987,Technology,Computer Hardware,United States,6238,2018-Q3
SMCI,SUPER MICRO COMPUTER INC,2018-08-01 00:00:00-04:00,2018,3,8,2.0510001182556152,2.2100000381469727,2.240000009536743,1.4199999570846558,618786000,594273308,1218854624.9841557,1.2188546249841556,,,,,,,,28.74405,11.389152,1.3060896,4.5530834,,,,-22.981598348062814,Technology,Computer Hardware,United States,6238,2018-Q3
SMCI,SUPER MICRO COMPUTER INC,2018-09-01 00:00:00-04:00,2018,3,9,2.061000108718872,2.0299999713897705,2.1519999504089355,1.9119999408721924,71043000,594273308,1224797352.3967237,1.2247973523967237,,,,,,,,28.74405,11.389152,1.3060896,4.5530834,,,,-6.742078138289676,Technology,Computer Hardware,United States,6238,2018-Q3
SMCI,SUPER MICRO COMPUTER INC,2018-10-01 00:00:00-04:00,2018,4,10,1.309999942779541,2.069999933242798,2.1600000858306885,0.8500000238418579,321207000,594273308,778497999.4754086,0.7784979994754085,,,,,,,,28.74405,11.389152,1.3060896,4.5530834,,,,-34.17085746223192,Technology,Computer Hardware,United States,6238,2018-Q4
SMCI,SUPER MICRO COMPUTER INC,2018-11-01 00:00:00-04:00,2018,4,11,1.4900000095367432,1.3240000009536743,1.4980000257492065,1.1200000047683716,84620000,594273308,885467234.5874319,0.8854672345874319,,,,,,,,28.74405,11.389152,1.3060896,4.5530834,,,,-32.42630108429098,Technology,Computer Hardware,United States,6238,2018-Q4
SMCI,SUPER MICRO COMPUTER INC,2018-12-01 00:00:00-05:00,2018,4,12,1.3799999952316284,1.4769999980926514,1.7000000476837158,1.350000023841858,54823000,594273308,820097162.206284,0.820097162206284,,,,,,,,28.74405,11.389152,1.3060896,4.5530834,,,,-34.065932250846885,Technology,Computer Hardware,United States,6238,2018-Q4
SMCI,SUPER MICRO COMPUTER INC,2019-01-01 00:00:00-05:00,2019,1,1,1.5099999904632568,1.378999948501587,1.5850000381469727,1.378999948501587,37156000,594273308,897352689.4125681,0.8973526894125681,,,,,,,,28.74405,11.389152,1.3060896,4.5530834,,,,-33.858957708742096,Technology,Computer Hardware,United States,6238,2019-Q1
SMCI,SUPER MICRO COMPUTER INC,2019-02-01 00:00:00-05:00,2019,1,2,1.9119999408721924,1.5089999437332153,2.0480000972747803,1.5089999437332153,34315000,594273308,1136250529.7579222,1.1362505297579222,,,,,,,,28.74405,11.389152,1.3060896,4.5530834,,,,5.635359188797229,Technology,Computer Hardware,United States,6238,2019-Q1
SMCI,SUPER MICRO COMPUTER INC,2019-03-01 00:00:00-05:00,2019,1,3,2.11299991607666,1.9199999570846558,2.115000009536743,1.909999966621399,30465000,594273308,1255699449.9305992,1.2556994499305991,,,,,,,,28.74405,11.389152,1.3060896,4.5530834,,,,24.2941092240359,Technology,Computer Hardware,United States,6238,2019-Q1
SMCI,SUPER MICRO COMPUTER INC,2019-04-01 00:00:00-04:00,2019,2,4,2.242000102996826,2.1050000190734863,2.243000030517578,2.1050000190734863,28938000,594273308,1332360817.7442646,1.3323608177442645,,,,,,,,28.74405,11.389152,1.3060896,4.5530834,,,,26.666673850654064,Technology,Computer Hardware,United States,6238,2019-Q2
SMCI,SUPER MICRO COMPUTER INC,2019-05-01 00:00:00-04:00,2019,2,5,1.899999976158142,2.247999906539917,2.303999900817871,1.8209999799728394,37993000,594273308,1129119271.0314202,1.1291192710314202,,,,,,,,28.74405,11.389152,1.3060896,4.5530834,,,,-21.161829523203423,Technology,Computer Hardware,United States,6238,2019-Q2
SMCI,SUPER MICRO COMPUTER INC,2019-06-01 00:00:00-04:00,2019,2,6,1.934999942779541,1.8990000486373901,1.9730000495910645,1.7130000591278076,17966000,594273308,1149918816.9754086,1.1499188169754087,,,,,,,,28.74405,11.389152,1.3060896,4.5530834,,,,-18.181820931215587,Technology,Computer Hardware,United States,6238,2019-Q2
SMCI,SUPER MICRO COMPUTER INC,2019-07-01 00:00:00-04:00,2019,3,7,1.8309999704360962,1.9329999685287476,2.0,1.8300000429153442,9147000,594273308,1088114409.378961,1.088114409378961,,,,,,,,28.74405,11.389152,1.3060896,4.5530834,,,,-17.149324034793146,Technology,Computer Hardware,United States,6238,2019-Q3
SMCI,SUPER MICRO COMPUTER INC,2019-08-01 00:00:00-04:00,2019,3,8,1.8899999856948853,1.8229999542236328,2.009000062942505,1.600000023841858,27310000,594273308,1123176543.6188521,1.123176543618852,,,,,,,,28.74405,11.389152,1.3060896,4.5530834,,,,-7.84983536215792,Technology,Computer Hardware,United States,6238,2019-Q3
SMCI,SUPER MICRO COMPUTER INC,2019-09-01 00:00:00-04:00,2019,3,9,1.9199999570846558,1.875,1.9889999628067017,1.809999942779541,16965000,594273308,1141004725.8565564,1.1410047258565563,,,,,,,,28.74405,11.389152,1.3060896,4.5530834,,,,-6.841346152177675,Technology,Computer Hardware,United States,6238,2019-Q3
SMCI,SUPER MICRO COMPUTER INC,2019-10-01 00:00:00-04:00,2019,4,10,2.068000078201294,1.9199999570846558,2.1440000534057617,1.8550000190734863,22347000,594273308,1228957247.4169416,1.2289572474169417,,,,,,,,28.74405,11.389152,1.3060896,4.5530834,,,,57.86260828480938,Technology,Computer Hardware,United States,6238,2019-Q4
SMCI,SUPER MICRO COMPUTER INC,2019-11-01 00:00:00-04:00,2019,4,11,2.130000114440918,2.049999952316284,2.249000072479248,2.000999927520752,14876000,594273308,1265802214.049183,1.265802214049183,,,,,,,,28.74405,11.389152,1.3060896,4.5530834,,,,42.95302689985603,Technology,Computer Hardware,United States,6238,2019-Q4
SMCI,SUPER MICRO COMPUTER INC,2019-12-01 00:00:00-05:00,2019,4,12,2.4019999504089355,2.130000114440918,2.5260000228881836,2.061000108718872,36354000,594273308,1427444456.345354,1.427444456345354,,,,,,,,28.74405,11.389152,1.3060896,4.5530834,,,,74.05796802236712,Technology,Computer Hardware,United States,6238,2019-Q4
SMCI,SUPER MICRO COMPUTER INC,2020-01-01 00:00:00-05:00,2020,1,1,2.7960000038146973,2.384999990463257,3.0,2.299999952316284,60002000,594273308,1661588171.4349728,1.6615881714349727,,,,,,,,28.74405,11.389152,1.3060896,4.5530834,,,,85.16556433599082,Technology,Computer Hardware,United States,6238,2020-Q1
SMCI,SUPER MICRO COMPUTER INC,2020-02-01 00:00:00-05:00,2020,1,2,2.5380001068115234,2.7960000038146973,2.9679999351501465,2.450000047683716,63166000,594273308,1508265719.1792374,1.5082657191792375,,,,,,,,28.74405,11.389152,1.3060896,4.5530834,,,,32.74059546538324,Technology,Computer Hardware,United States,6238,2020-Q1
SMCI,SUPER MICRO COMPUTER INC,2020-03-01 00:00:00-05:00,2020,1,3,2.128000020980835,2.561000108718872,2.7230000495910645,1.5759999752044678,100254000,594273308,1264613611.8923502,1.26461361189235,,,,,,,,28.74405,11.389152,1.3060896,4.5530834,,,,0.7098961429220729,Technology,Computer Hardware,United States,6238,2020-Q1
SMCI,SUPER MICRO COMPUTER INC,2020-04-01 00:00:00-04:00,2020,2,4,2.2899999618530273,2.0460000038146973,2.3929998874664307,1.9479999542236328,43338000,594273308,1360885852.6502724,1.3608858526502723,,,,,,,,28.74405,11.389152,1.3060896,4.5530834,,,,2.1409391905040875,Technology,Computer Hardware,United States,6238,2020-Q2
SMCI,SUPER MICRO COMPUTER INC,2020-05-01 00:00:00-04:00,2020,2,5,2.5959999561309814,2.2260000705718994,2.688999891281128,2.186000108718872,65931000,594273308,1542733481.4978132,1.5427334814978133,,,,,,,,28.74405,11.389152,1.3060896,4.5530834,,,,36.63157835297306,Technology,Computer Hardware,United States,6238,2020-Q2
SMCI,SUPER MICRO COMPUTER INC,2020-06-01 00:00:00-04:00,2020,2,6,2.8389999866485596,2.63700008392334,3.3299999237060547,2.618000030517578,271273000,594273308,1687141913.4775953,1.6871419134775953,,,,,,,,28.74405,11.389152,1.3060896,4.5530834,,,,46.718349901884906,Technology,Computer Hardware,United States,6238,2020-Q2
SMCI,SUPER MICRO COMPUTER INC,2020-07-01 00:00:00-04:00,2020,3,7,3.0309998989105225,2.8380000591278076,3.0309998989105225,2.6589999198913574,77124000,594273308,1801242336.4732218,1.8012423364732217,,,,,,,,28.74405,11.389152,1.3060896,4.5530834,,,,65.53795455215752,Technology,Computer Hardware,United States,6238,2020-Q3
SMCI,SUPER MICRO COMPUTER INC,2020-08-01 00:00:00-04:00,2020,3,8,2.739000082015991,3.0999999046325684,3.118000030517578,2.5260000228881836,112203000,594273308,1627714639.3519144,1.6277146393519144,,,,,,,,28.74405,11.389152,1.3060896,4.5530834,,,,44.92064035698704,Technology,Computer Hardware,United States,6238,2020-Q3
SMCI,SUPER MICRO COMPUTER INC,2020-09-01 00:00:00-04:00,2020,3,9,2.640000104904175,2.7360000610351562,2.75,2.4539999961853027,60829000,594273308,1568881595.461751,1.568881595461751,,,,,,,,28.74405,11.389152,1.3060896,4.5530834,,,,37.50000853712378,Technology,Computer Hardware,United States,6238,2020-Q3
SMCI,SUPER MICRO COMPUTER INC,2020-10-01 00:00:00-04:00,2020,4,10,2.2720000743865967,2.6589999198913574,2.819000005722046,2.194999933242798,40381000,594273308,1350188999.9819689,1.350188999981969,,,,,,,,28.74405,11.389152,1.3060896,4.5530834,,,,9.864602924132292,Technology,Computer Hardware,United States,6238,2020-Q4
SMCI,SUPER MICRO COMPUTER INC,2020-11-01 00:00:00-04:00,2020,4,11,2.821000099182129,2.299999952316284,3.0,2.2690000534057617,85462000,594273308,1676445060.8092918,1.6764450608092918,,,,,,,,28.74405,11.389152,1.3060896,4.5530834,,,,32.44131209460448,Technology,Computer Hardware,United States,6238,2020-Q4
SMCI,SUPER MICRO COMPUTER INC,2020-12-01 00:00:00-05:00,2020,4,12,3.1659998893737793,2.8510000705718994,3.174999952316284,2.8259999752044678,65579000,594273308,1881469227.3857899,1.8814692273857898,,,,,,,,28.74405,11.389152,1.3060896,4.5530834,,,,31.806825759291723,Technology,Computer Hardware,United States,6238,2020-Q4
SMCI,SUPER MICRO COMPUTER INC,2021-01-01 00:00:00-05:00,2021,1,1,3.0999999046325684,3.180000066757202,3.507999897003174,3.052000045776367,51624000,594273308,1842247198.125681,1.842247198125681,,,,,,,,28.74405,11.389152,1.3060896,4.5530834,,,,10.87267168823718,Technology,Computer Hardware,United States,6238,2021-Q1
SMCI,SUPER MICRO COMPUTER INC,2021-02-01 00:00:00-05:00,2021,1,2,3.263000011444092,3.132999897003174,3.4739999771118164,3.059000015258789,59673000,594273308,1939113810.8049183,1.9391138108049182,,,,,,,,28.74405,11.389152,1.3060896,4.5530834,,,,28.565794882624406,Technology,Computer Hardware,United States,6238,2021-Q1
SMCI,SUPER MICRO COMPUTER INC,2021-03-01 00:00:00-05:00,2021,1,3,3.9059998989105225,3.3469998836517334,3.937000036239624,3.2260000705718994,81490000,594273308,2321231480.973222,2.3212314809732217,,,,,,,,28.74405,11.389152,1.3060896,4.5530834,,,,83.55262501878052,Technology,Computer Hardware,United States,6238,2021-Q1
SMCI,SUPER MICRO COMPUTER INC,2021-04-01 00:00:00-04:00,2021,2,4,3.7019999027252197,3.933000087738037,4.071000099182129,3.690999984741211,51323000,594273308,2199999728.4081945,2.1999997284081947,,,,,,,,28.74405,11.389152,1.3060896,4.5530834,,,,61.659387091414054,Technology,Computer Hardware,United States,6238,2021-Q2
SMCI,SUPER MICRO COMPUTER INC,2021-05-01 00:00:00-04:00,2021,2,5,3.4739999771118164,3.742000102996826,3.760999917984009,3.3480000495910645,38543000,594273308,2064505458.3901634,2.0645054583901636,,,,,,,,28.74405,11.389152,1.3060896,4.5530834,,,,33.82126486201433,Technology,Computer Hardware,United States,6238,2021-Q2
SMCI,SUPER MICRO COMPUTER INC,2021-06-01 00:00:00-04:00,2021,2,6,3.5179998874664307,3.507999897003174,3.739000082015991,3.382999897003174,43677000,594273308,2090653430.6683035,2.0906534306683033,,,,,,,,28.74405,11.389152,1.3060896,4.5530834,,,,23.916868756996035,Technology,Computer Hardware,United States,6238,2021-Q2
SMCI,SUPER MICRO COMPUTER INC,2021-07-01 00:00:00-04:00,2021,3,7,3.803999900817871,3.5350000858306885,3.815999984741211,3.2880001068115234,38161000,594273308,2260615604.690708,2.260615604690708,,,,,,,,28.74405,11.389152,1.3060896,4.5530834,,,,25.503135192620753,Technology,Computer Hardware,United States,6238,2021-Q3
SMCI,SUPER MICRO COMPUTER INC,2021-08-01 00:00:00-04:00,2021,3,8,3.6540000438690186,3.809999942779541,3.9630000591278076,3.430000066757202,50574000,594273308,2171474693.502187,2.1714746935021867,,,,,,,,28.74405,11.389152,1.3060896,4.5530834,,,,33.40635029041541,Technology,Computer Hardware,United States,6238,2021-Q3
SMCI,SUPER MICRO COMPUTER INC,2021-09-01 00:00:00-04:00,2021,3,9,3.6570000648498535,3.6710000038146973,3.875,3.565000057220459,32612000,594273308,2173257525.894537,2.173257525894537,,,,,,,,28.74405,11.389152,1.3060896,4.5530834,,,,38.5227242247626,Technology,Computer Hardware,United States,6238,2021-Q3
SMCI,SUPER MICRO COMPUTER INC,2021-10-01 00:00:00-04:00,2021,4,10,3.5390000343322754,3.671999931335449,3.7799999713897705,3.4779999256134033,30659000,594273308,2103133257.4147549,2.103133257414755,,,,,,,,28.74405,11.389152,1.3060896,4.5530834,,,,55.76584148166228,Technology,Computer Hardware,United States,6238,2021-Q4
SMCI,SUPER MICRO COMPUTER INC,2021-11-01 00:00:00-04:00,2021,4,11,4.139999866485596,3.5450000762939453,4.714000225067139,3.5450000762939453,60368000,594273308,2460291415.7759533,2.4602914157759534,,,,,,,,28.74405,11.389152,1.3060896,4.5530834,,,,46.75645944450248,Technology,Computer Hardware,United States,6238,2021-Q4
SMCI,SUPER MICRO COMPUTER INC,2021-12-01 00:00:00-05:00,2021,4,12,4.394999980926514,4.199999809265137,4.640999794006348,3.993000030517578,45678000,594273308,2611831177.325136,2.6118311773251364,,,,,,,,28.74405,11.389152,1.3060896,4.5530834,,,,38.818702921553964,Technology,Computer Hardware,United States,6238,2021-Q4
SMCI,SUPER MICRO COMPUTER INC,2022-01-01 00:00:00-05:00,2022,1,1,4.052000045776367,4.460999965667725,4.798999786376953,3.815999984741211,44544000,594273308,2407995471.219673,2.407995471219673,,,,,,,,28.74405,11.389152,1.3060896,4.5530834,,,,30.709682917123704,Technology,Computer Hardware,United States,6238,2022-Q1
SMCI,SUPER MICRO COMPUTER INC,2022-02-01 00:00:00-05:00,2022,1,2,3.928999900817871,4.079999923706055,4.401000022888184,3.700000047683716,60512000,594273308,2334899768.190708,2.334899768190708,,,,,,,,28.74405,11.389152,1.3060896,4.5530834,,,,20.41066157027167,Technology,Computer Hardware,United States,6238,2022-Q1
SMCI,SUPER MICRO COMPUTER INC,2022-03-01 00:00:00-05:00,2022,1,3,3.806999921798706,3.927000045776367,4.359000205993652,3.799999952316284,49421000,594273308,2262398437.0830584,2.2623984370830583,,,,,,,,28.74405,11.389152,1.3060896,4.5530834,,,,-2.534561691602444,Technology,Computer Hardware,United States,6238,2022-Q1
SMCI,SUPER MICRO COMPUTER INC,2022-04-01 00:00:00-04:00,2022,2,4,4.210000038146973,3.8299999237060547,4.684000015258789,3.4110000133514404,65164000,594273308,2501890649.3497276,2.5018906493497277,,,,,,,,28.74405,11.389152,1.3060896,4.5530834,,,,13.722316282282708,Technology,Computer Hardware,United States,6238,2022-Q2
SMCI,SUPER MICRO COMPUTER INC,2022-05-01 00:00:00-04:00,2022,2,5,5.00600004196167,4.2129998207092285,5.834000110626221,4.105000019073486,112449000,594273308,2974932204.7847004,2.9749322047847,,,,,,,,28.74405,11.389152,1.3060896,4.5530834,,,,44.0990234583569,Technology,Computer Hardware,United States,6238,2022-Q2
SMCI,SUPER MICRO COMPUTER INC,2022-06-01 00:00:00-04:00,2022,2,6,4.034999847412109,5.058000087738037,5.764999866485596,3.9809999465942383,115695000,594273308,2397892707.1010895,2.3978927071010894,,,,,,,,28.74405,11.389152,1.3060896,4.5530834,,,,14.69584924626044,Technology,Computer Hardware,United States,6238,2022-Q2
SMCI,SUPER MICRO COMPUTER INC,2022-07-01 00:00:00-04:00,2022,3,7,5.401000022888184,4.007999897003174,5.514999866485596,3.7009999752044678,95415000,594273308,3209670150.1098366,3.2096701501098366,,,,,,,,28.74405,11.389152,1.3060896,4.5530834,,,,41.98212838351949,Technology,Computer Hardware,United States,6238,2022-Q3
SMCI,SUPER MICRO COMPUTER INC,2022-08-01 00:00:00-04:00,2022,3,8,6.507999897003174,5.389999866485596,7.493000030517578,5.34499979019165,175241000,594273308,3867530627.2557354,3.8675306272557353,,,,,,,,28.74405,11.389152,1.3060896,4.5530834,,,,78.10618004569625,Technology,Computer Hardware,United States,6238,2022-Q3
SMCI,SUPER MICRO COMPUTER INC,2022-09-01 00:00:00-04:00,2022,3,9,5.506999969482422,6.389999866485596,6.816999912261963,5.163000106811523,116230000,594273308,3272663089.020218,3.272663089020218,,,,,,,,28.74405,11.389152,1.3060896,4.5530834,,,,50.58791008549037,Technology,Computer Hardware,United States,6238,2022-Q3
SMCI,SUPER MICRO COMPUTER INC,2022-10-01 00:00:00-04:00,2022,4,10,6.959000110626221,5.65500020980835,7.019000053405762,5.0279998779296875,116515000,594273308,4135548016.11421,4.13554801611421,,,,,,,,28.74405,11.389152,1.3060896,4.5530834,,,,96.63746942967231,Technology,Computer Hardware,United States,6238,2022-Q4
SMCI,SUPER MICRO COMPUTER INC,2022-11-01 00:00:00-04:00,2022,4,11,9.02299976348877,7.019999980926514,9.522000312805176,6.916999816894531,222257000,594273308,5362127917.531689,5.362127917531689,,,,,,,,28.74405,11.389152,1.3060896,4.5530834,,,,117.9468612193049,Technology,Computer Hardware,United States,6238,2022-Q4
SMCI,SUPER MICRO COMPUTER INC,2022-12-01 00:00:00-05:00,2022,4,12,8.210000038146973,9.175999641418457,9.321999549865723,7.747000217437744,297757000,594273308,4878983881.349728,4.878983881349727,,,,,,,,28.74405,11.389152,1.3060896,4.5530834,,,,86.80318711665194,Technology,Computer Hardware,United States,6238,2022-Q4
SMCI,SUPER MICRO COMPUTER INC,2023-01-01 00:00:00-05:00,2023,1,1,7.232999801635742,8.307999610900879,9.279999732971191,6.9019999504089355,319093000,594273308,4298378718.881416,4.298378718881416,,,,,,,,28.74405,11.389152,1.3060896,4.5530834,,,,78.50443533866971,Technology,Computer Hardware,United States,6238,2023-Q1
SMCI,SUPER MICRO COMPUTER INC,2023-02-01 00:00:00-05:00,2023,1,2,9.79699993133545,7.199999809265137,10.39799976348877,7.011000156402588,296342000,594273308,5822095557.67049,5.82209555767049,,,,,,,,28.74405,11.389152,1.3060896,4.5530834,,,,149.35098443998638,Technology,Computer Hardware,United States,6238,2023-Q1
SMCI,SUPER MICRO COMPUTER INC,2023-03-01 00:00:00-05:00,2023,1,3,10.654999732971191,9.916000366210938,11.836000442504883,8.725000381469727,341985000,594273308,6331981938.051907,6.331981938051906,,,,,,,,28.74405,11.389152,1.3060896,4.5530834,,,,179.8791686850623,Technology,Computer Hardware,United States,6238,2023-Q1
SMCI,SUPER MICRO COMPUTER INC,2023-04-01 00:00:00-04:00,2023,2,4,10.543000221252441,10.656999588012695,11.923999786376953,9.319000244140625,303213000,594273308,6265423617.72842,6.265423617728421,,,,,,,,28.74405,11.389152,1.3060896,4.5530834,,,,150.4275564304492,Technology,Computer Hardware,United States,6238,2023-Q2
SMCI,SUPER MICRO COMPUTER INC,2023-05-01 00:00:00-04:00,2023,2,5,22.395000457763672,10.543999671936035,24.298999786376953,10.170999526977539,603474000,594273308,13308751004.696732,13.308751004696731,,,,,,,,28.74405,11.389152,1.3060896,4.5530834,,,,347.36316959733546,Technology,Computer Hardware,United States,6238,2023-Q2
SMCI,SUPER MICRO COMPUTER INC,2023-06-01 00:00:00-04:00,2023,2,6,24.924999237060547,22.663000106811523,27.01799964904785,21.308000564575195,627228000,594273308,14812261748.505447,14.812261748505447,,,,,,,,28.74405,11.389152,1.3060896,4.5530834,,,,517.7199548854126,Technology,Computer Hardware,United States,6238,2023-Q2
SMCI,SUPER MICRO COMPUTER INC,2023-07-01 00:00:00-04:00,2023,3,7,33.027000427246094,25.48900032043457,33.77899932861328,24.510000228881836,572367000,594273308,19627064797.21695,19.62706479721695,,,,,,,,28.74405,11.389152,1.3060896,4.5530834,,,,511.497876083787,Technology,Computer Hardware,United States,6238,2023-Q3
SMCI,SUPER MICRO COMPUTER INC,2023-08-01 00:00:00-04:00,2023,3,8,27.507999420166016,32.249000549316406,35.70000076293945,23.514999389648438,911886000,594273308,16347269811.88414,16.34726981188414,,,,,,,,28.74405,11.389152,1.3060896,4.5530834,,,,322.6797765137181,Technology,Computer Hardware,United States,6238,2023-Q3
SMCI,SUPER MICRO COMPUTER INC,2023-09-01 00:00:00-04:00,2023,3,9,27.422000885009766,27.700000762939453,28.773000717163086,22.826000213623047,539603000,594273308,16296163177.913681,16.29616317791368,,,,,,,,28.74405,11.389152,1.3060896,4.5530834,,,,397.94808492775485,Technology,Computer Hardware,United States,6238,2023-Q3
SMCI,SUPER MICRO COMPUTER INC,2023-10-01 00:00:00-04:00,2023,4,10,23.94700050354004,27.5,31.75,22.659000396728516,699067000,594273308,14231063205.916405,14.231063205916405,,,,,,,,28.74405,11.389152,1.3060896,4.5530834,,,,244.11553560652433,Technology,Computer Hardware,United States,6238,2023-Q4
SMCI,SUPER MICRO COMPUTER INC,2023-11-01 00:00:00-04:00,2023,4,11,27.347000122070312,24.1299991607666,30.652000427246094,22.73699951171875,695882000,594273308,16251592226.419128,16.251592226419127,,,,,,,,28.74405,11.389152,1.3060896,4.5530834,,,,203.08102448067135,Technology,Computer Hardware,United States,6238,2023-Q4
SMCI,SUPER MICRO COMPUTER INC,2023-12-01 00:00:00-05:00,2023,4,12,28.426000595092773,26.22599983215332,32.755001068115234,25.128999710083008,616106000,594273308,16892813406.855751,16.89281340685575,,,,,,,,28.74405,11.389152,1.3060896,4.5530834,,,,246.23630283817425,Technology,Computer Hardware,United States,6238,2023-Q4
SMCI,SUPER MICRO COMPUTER INC,2024-01-01 00:00:00-05:00,2024,1,1,52.96099853515625,28.0,55.444000244140625,27.58799934387207,1611649000,594273308,31473307794.47046,31.473307794470458,,,,,,,,28.74405,11.389152,1.3060896,4.5530834,,,,632.213465886991,Technology,Computer Hardware,United States,6238,2024-Q1
SMCI,SUPER MICRO COMPUTER INC,2024-02-01 00:00:00-05:00,2024,1,2,86.61199951171875,54.0,107.78700256347656,53.599998474121094,3213452000,594273308,51471199462.32349,51.47119946232348,,,,,,,,28.74405,11.389152,1.3060896,4.5530834,,,,784.0665521971937,Technology,Computer Hardware,United States,6238,2024-Q1
SMCI,SUPER MICRO COMPUTER INC,2024-03-01 00:00:00-05:00,2024,1,3,101.00299835205078,88.18800354003906,122.9000015258789,85.5,1851509000,594273308,60023385948.59177,60.023385948591766,,,,,,,,28.74405,11.389152,1.3060896,4.5530834,,,,847.9399425933694,Technology,Computer Hardware,United States,6238,2024-Q1
SMCI,SUPER MICRO COMPUTER INC,2024-04-01 00:00:00-04:00,2024,2,4,85.87999725341797,101.0,106.9000015258789,67.0999984741211,1360442000,594273308,51036190058.81961,51.036190058819614,5354589000.0,5354.589,546029000.0,297244000.0,288486000.0,314252000.0,2.3828248096548403,28.74405,11.389152,1.3060896,4.5530834,,,,714.5688651348237,Technology,Computer Hardware,United States,6238,2024-Q2
SMCI,SUPER MICRO COMPUTER INC,2024-05-01 00:00:00-04:00,2024,2,5,78.45099639892578,77.73600006103516,97.23100280761719,70.0,1343608000,594273308,46621333145.88571,46.621333145885714,5354589000.0,5354.589,546029000.0,297244000.0,288486000.0,314252000.0,2.176699889846154,28.74405,11.389152,1.3060896,4.5530834,,0.0,,250.3058486061749,Technology,Computer Hardware,United States,6238,2024-Q2
SMCI,SUPER MICRO COMPUTER INC,2024-06-01 00:00:00-04:00,2024,2,6,81.93499755859375,80.19999694824219,101.4020004272461,74.12200164794922,1343588000,594273308,48691782040.11743,48.69178204011743,5354589000.0,5354.589,546029000.0,297244000.0,288486000.0,314252000.0,2.273366921350893,28.74405,11.389152,1.3060896,4.5530834,,0.0,,228.72617880270997,Technology,Computer Hardware,United States,6238,2024-Q2
SMCI,SUPER MICRO COMPUTER INC,2024-07-01 00:00:00-04:00,2024,3,7,70.16500091552734,83.14399719238281,96.33000183105469,65.63099670410156,1270826000,594273308,41697187199.89346,41.69718719989346,5937256000.0,5937.256,775580000.0,424327000.0,509199000.0,530512000.0,1.7557431917999435,28.74405,11.389152,1.3060896,4.5530834,,10.881638161210883,,112.44739155192467,Technology,Computer Hardware,United States,6238,2024-Q3
SMCI,SUPER MICRO COMPUTER INC,2024-08-01 00:00:00-04:00,2024,3,8,43.77000045776367,70.45600128173828,72.44499969482422,39.518001556396484,2209392000,594273308,26011342963.19673,26.011342963196732,5937256000.0,5937.256,775580000.0,424327000.0,509199000.0,530512000.0,1.0952594499545216,28.74405,11.389152,1.3060896,4.5530834,,0.0,10.881638161210883,59.117352698779115,Technology,Computer Hardware,United States,6238,2024-Q3
SMCI,SUPER MICRO COMPUTER INC,2024-09-01 00:00:00-04:00,2024,3,9,41.63999938964844,43.005001068115234,48.43600082397461,37.30099868774414,1496600000,594273308,24745540182.404358,24.74554018240436,5937256000.0,5937.256,775580000.0,424327000.0,509199000.0,530512000.0,1.0419603004487408,28.74405,11.389152,1.3060896,4.5530834,,0.0,10.881638161210883,51.84887333444343,Technology,Computer Hardware,United States,6238,2024-Q3
SMCI,SUPER MICRO COMPUTER INC,2024-10-01 00:00:00-04:00,2024,4,10,29.110000610351562,41.75,50.61000061035156,27.219999313354492,1271641400,594273308,17299296358.595642,17.299296358595644,5677962000.0,5677.962,670022000.0,320596000.0,368624000.0,396466000.0,0.7616859869172972,28.74405,11.389152,1.3060896,4.5530834,,-4.367236312532253,6.03917499550386,21.560111906492363,Technology,Computer Hardware,United States,6238,2024-Q4
SMCI,SUPER MICRO COMPUTER INC,2024-11-01 00:00:00-04:00,2024,4,11,32.63999938964844,27.600000381469727,39.22999954223633,17.25,2099066100,594273308,19397080410.404358,19.397080410404357,5677962000.0,5677.962,670022000.0,320596000.0,368624000.0,396466000.0,0.8540511723398447,28.74405,11.389152,1.3060896,4.5530834,,0.0,-4.367236312532253,19.354953903358595,Technology,Computer Hardware,United States,6238,2024-Q4
SMCI,SUPER MICRO COMPUTER INC,2024-12-01 00:00:00-05:00,2024,4,12,30.479999542236328,37.779998779296875,48.0,29.950000762939453,1593798700,594273308,18113450155.80327,18.113450155803267,5677962000.0,5677.962,670022000.0,320596000.0,368624000.0,396466000.0,0.797533082988371,28.74405,11.389152,1.3060896,4.5530834,,0.0,-4.367236312532253,7.225775361090148,Technology,Computer Hardware,United States,6238,2024-Q4
SMCI,SUPER MICRO COMPUTER INC,2025-01-01 00:00:00-05:00,2025,1,1,28.520000457763672,30.969999313354492,38.5,27.219999313354492,660087600,594273308,16948675016.196732,16.94867501619673,4599913000.0,4599.913,440218000.0,108777000.0,146780000.0,139212000.0,0.9211410637655936,28.74405,11.389152,1.3060896,4.5530834,,-18.98654834252149,-22.524597221342656,-46.14905072299251,Technology,Computer Hardware,United States,6238,2025-Q1
SMCI,SUPER MICRO COMPUTER INC,2025-02-01 00:00:00-05:00,2025,1,2,41.459999084472656,27.200000762939453,66.44000244140625,25.709999084472656,2375800800,594273308,24638570805.606537,24.638570805606538,4599913000.0,4599.913,440218000.0,108777000.0,146780000.0,139212000.0,1.3390780872163526,28.74405,11.389152,1.3060896,4.5530834,,0.0,-18.98654834252149,-52.13134517364069,Technology,Computer Hardware,United States,6238,2025-Q1
SMCI,SUPER MICRO COMPUTER INC,2025-03-01 00:00:00-05:00,2025,1,3,34.2400016784668,42.279998779296875,44.9900016784668,32.13999938964844,1392718000,594273308,20347919063.388016,20.347919063388016,4599913000.0,4599.913,440218000.0,108777000.0,146780000.0,139212000.0,1.105886082160033,28.74405,11.389152,1.3060896,4.5530834,,0.0,-18.98654834252149,-66.10001461627739,Technology,Computer Hardware,United States,6238,2025-Q1
SMCI,SUPER MICRO COMPUTER INC,2025-04-01 00:00:00-04:00,2025,2,4,31.860000610351562,34.25,37.81999969482422,27.600000381469727,975120000,594273308,18933547955.595642,18.933547955595643,5756911000.0,5756.911,544102000.0,195154000.0,228391000.0,263643000.0,0.82220951286183,28.74405,11.389152,1.3060896,4.5530834,,25.152606147116252,1.390446079068508,-62.90172143771983,Technology,Computer Hardware,United States,6238,2025-Q2
SMCI,SUPER MICRO COMPUTER INC,2025-05-01 00:00:00-04:00,2025,2,5,40.02000045776367,32.150001525878906,47.79999923706055,30.540000915527344,1177316400,594273308,23782818058.19673,23.78281805819673,5756911000.0,5756.911,544102000.0,195154000.0,228391000.0,263643000.0,1.032794238880744,28.74405,11.389152,1.3060896,4.5530834,,0.0,25.152606147116252,-48.98726301159936,Technology,Computer Hardware,United States,6238,2025-Q2
SMCI,SUPER MICRO COMPUTER INC,2025-06-01 00:00:00-04:00,2025,2,6,49.0099983215332,39.650001525878906,50.54999923706055,39.5099983215332,844931600,594273308,29125333827.611984,29.125333827611986,5756911000.0,5756.911,544102000.0,195154000.0,228391000.0,263643000.0,1.2647986840343712,28.74405,11.389152,1.3060896,4.5530834,,0.0,25.152606147116252,-40.1842926931377,Technology,Computer Hardware,United States,6238,2025-Q2
SMCI,SUPER MICRO COMPUTER INC,2025-07-01 00:00:00-04:00,2025,3,7,58.970001220703125,48.2400016784668,62.36000061035156,46.220001220703125,821928000,594273308,35044297698.191284,35.044297698191286,,,,,,,,28.74405,11.389152,1.3060896,4.5530834,,0.0,25.152606147116252,-15.955247700063513,Technology,Computer Hardware,United States,6238,2025-Q3
SMCI,SUPER MICRO COMPUTER INC,2025-08-01 00:00:00-04:00,2025,3,8,41.540000915527344,57.11000061035156,59.400001525878906,41.310001373291016,704938800,594273308,24686113758.393463,24.686113758393464,,,,,,,,28.74405,11.389152,1.3060896,4.5530834,,0.0,0.0,-5.09481270028359,Technology,Computer Hardware,United States,6238,2025-Q3
SMCI,SUPER MICRO COMPUTER INC,2025-09-01 00:00:00-04:00,2025,3,9,47.939998626708984,40.029998779296875,48.529998779296875,39.560001373291016,569164000,594273308,28489461569.409805,28.489461569409805,,,,,,,,28.74405,11.389152,1.3060896,4.5530834,,0.0,0.0,15.129681386658977,Technology,Computer Hardware,United States,6238,2025-Q3
SMCI,SUPER MICRO COMPUTER INC,2025-10-01 00:00:00-04:00,2025,4,10,48.290000915527344,47.56999969482422,58.779998779296875,47.36000061035156,634195852,594273308,28697458587.393463,28.697458587393463,,,,,,,,28.74405,11.389152,1.3060896,4.5530834,,0.0,0.0,65.88801065966088,Technology,Computer Hardware,United States,6238,2025-Q4
