ticker,company_name,date,year,quarter,month,close_price,open_price,high_price,low_price,volume,shares_outstanding,market_cap,market_cap_billions,revenue,revenue_millions,gross_profit,net_income,operating_income,ebitda,ps_ratio,current_pe,forward_pe,current_ps,current_pb,peg_ratio,revenue_qoq_pct,revenue_yoy_pct,market_cap_yoy_pct,sector,industry,country,employees,year_quarter
SNPS,SYNOPSYS INC,2015-01-01 00:00:00-05:00,2015,1,1,42.9900016784668,43.72999954223633,44.189998626708984,41.599998474121094,12181800,185748673,7985335764.04298,7.98533576404298,,,,,,,,66.219215,32.909214,14.12489,3.2865453,,,,,Technology,Software - Infrastructure,United States,20000,2015-Q1
SNPS,SYNOPSYS INC,2015-02-01 00:00:00-05:00,2015,1,2,46.40999984741211,43.02000045776367,47.369998931884766,42.20000076293945,13535800,185748673,8620595885.587002,8.620595885587003,,,,,,,,66.219215,32.909214,14.12489,3.2865453,,,,,Technology,Software - Infrastructure,United States,20000,2015-Q1
SNPS,SYNOPSYS INC,2015-03-01 00:00:00-05:00,2015,1,3,46.31999969482422,46.2400016784668,47.2400016784668,45.0,13563700,185748673,8603878476.674004,8.603878476674003,,,,,,,,66.219215,32.909214,14.12489,3.2865453,,,,,Technology,Software - Infrastructure,United States,20000,2015-Q1
SNPS,SYNOPSYS INC,2015-04-01 00:00:00-04:00,2015,2,4,46.880001068115234,46.29999923706055,48.11000061035156,45.810001373291016,12334500,185748673,8707897988.640987,8.707897988640987,,,,,,,,66.219215,32.909214,14.12489,3.2865453,,,,,Technology,Software - Infrastructure,United States,20000,2015-Q2
SNPS,SYNOPSYS INC,2015-05-01 00:00:00-04:00,2015,2,5,49.88999938964844,47.09000015258789,50.20000076293945,46.439998626708984,14823400,185748673,9267001182.598007,9.267001182598007,,,,,,,,66.219215,32.909214,14.12489,3.2865453,,,,,Technology,Software - Infrastructure,United States,20000,2015-Q2
SNPS,SYNOPSYS INC,2015-06-01 00:00:00-04:00,2015,2,6,50.650001525878906,50.150001525878906,51.0,49.04999923706055,16972200,185748673,9408170570.879982,9.408170570879982,,,,,,,,66.219215,32.909214,14.12489,3.2865453,,,,,Technology,Software - Infrastructure,United States,20000,2015-Q2
SNPS,SYNOPSYS INC,2015-07-01 00:00:00-04:00,2015,3,7,50.84000015258789,50.83000183105469,51.349998474121094,48.849998474121094,14024700,185748673,9443462563.662998,9.443462563662997,,,,,,,,66.219215,32.909214,14.12489,3.2865453,,,,,Technology,Software - Infrastructure,United States,20000,2015-Q3
SNPS,SYNOPSYS INC,2015-08-01 00:00:00-04:00,2015,3,8,46.93000030517578,50.720001220703125,52.650001525878906,43.459999084472656,18384800,185748673,8717185280.575996,8.717185280575997,,,,,,,,66.219215,32.909214,14.12489,3.2865453,,,,,Technology,Software - Infrastructure,United States,20000,2015-Q3
SNPS,SYNOPSYS INC,2015-09-01 00:00:00-04:00,2015,3,9,46.18000030517578,45.86000061035156,48.40999984741211,45.380001068115234,19544300,185748673,8577873775.825996,8.577873775825996,,,,,,,,66.219215,32.909214,14.12489,3.2865453,,,,,Technology,Software - Infrastructure,United States,20000,2015-Q3
SNPS,SYNOPSYS INC,2015-10-01 00:00:00-04:00,2015,4,10,49.97999954223633,46.16999816894531,50.59000015258789,45.54999923706055,15969900,185748673,9283718591.511005,9.283718591511006,,,,,,,,66.219215,32.909214,14.12489,3.2865453,,,,,Technology,Software - Infrastructure,United States,20000,2015-Q4
SNPS,SYNOPSYS INC,2015-11-01 00:00:00-04:00,2015,4,11,50.08000183105469,50.09000015258789,52.779998779296875,47.72999954223633,15172600,185748673,9302293883.955978,9.30229388395598,,,,,,,,66.219215,32.909214,14.12489,3.2865453,,,,,Technology,Software - Infrastructure,United States,20000,2015-Q4
SNPS,SYNOPSYS INC,2015-12-01 00:00:00-05:00,2015,4,12,45.61000061035156,50.47999954223633,50.86000061035156,44.38999938964844,23161500,185748673,8471997088.901993,8.471997088901993,,,,,,,,66.219215,32.909214,14.12489,3.2865453,,,,,Technology,Software - Infrastructure,United States,20000,2015-Q4
SNPS,SYNOPSYS INC,2016-01-01 00:00:00-05:00,2016,1,1,42.900001525878906,45.11000061035156,46.0,39.2599983215332,20534800,185748673,7968618355.129982,7.968618355129982,,,,,,,,66.219215,32.909214,14.12489,3.2865453,,,,-0.20935135862758525,Technology,Software - Infrastructure,United States,20000,2016-Q1
SNPS,SYNOPSYS INC,2016-02-01 00:00:00-05:00,2016,1,2,44.75,42.619998931884766,46.400001525878906,40.36000061035156,26238800,185748673,8312253116.75,8.31225311675,,,,,,,,66.219215,32.909214,14.12489,3.2865453,,,,-3.576815024498803,Technology,Software - Infrastructure,United States,20000,2016-Q1
SNPS,SYNOPSYS INC,2016-03-01 00:00:00-05:00,2016,1,3,48.439998626708984,44.70000076293945,48.599998474121094,44.06999969482422,18956500,185748673,8997665465.033016,8.997665465033016,,,,,,,,66.219215,32.909214,14.12489,3.2865453,,,,4.576854373601513,Technology,Software - Infrastructure,United States,20000,2016-Q1
SNPS,SYNOPSYS INC,2016-04-01 00:00:00-04:00,2016,2,4,47.52000045776367,48.2400016784668,49.369998931884766,47.209999084472656,15677800,185748673,8826777025.988995,8.826777025988994,,,,,,,,66.219215,32.909214,14.12489,3.2865453,,,,1.3651863802616848,Technology,Software - Infrastructure,United States,20000,2016-Q2
SNPS,SYNOPSYS INC,2016-05-01 00:00:00-04:00,2016,2,5,51.66999816894531,47.52000045776367,51.9900016784668,46.68000030517578,16166100,185748673,9597633593.794022,9.597633593794022,,,,,,,,66.219215,32.909214,14.12489,3.2865453,,,,3.5678468652501127,Technology,Software - Infrastructure,United States,20000,2016-Q2
SNPS,SYNOPSYS INC,2016-06-01 00:00:00-04:00,2016,2,6,54.08000183105469,51.380001068115234,54.099998474121094,50.66999816894531,21127700,185748673,10045288575.955978,10.04528857595598,,,,,,,,66.219215,32.909214,14.12489,3.2865453,,,,6.77196486050109,Technology,Software - Infrastructure,United States,20000,2016-Q2
SNPS,SYNOPSYS INC,2016-07-01 00:00:00-04:00,2016,3,7,54.15999984741211,53.900001525878906,55.209999084472656,53.02000045776367,17751700,185748673,10060148101.337002,10.060148101337003,,,,,,,,66.219215,32.909214,14.12489,3.2865453,,,,6.530290489496049,Technology,Software - Infrastructure,United States,20000,2016-Q3
SNPS,SYNOPSYS INC,2016-08-01 00:00:00-04:00,2016,3,8,59.290000915527344,54.31999969482422,59.59000015258789,53.529998779296875,18335800,185748673,11013038992.22799,11.013038992227989,,,,,,,,66.219215,32.909214,14.12489,3.2865453,,,,26.337098934534666,Technology,Software - Infrastructure,United States,20000,2016-Q3
SNPS,SYNOPSYS INC,2016-09-01 00:00:00-04:00,2016,3,9,59.349998474121094,58.959999084472656,60.0,57.43000030517578,16323000,185748673,11024183459.120018,11.024183459120017,,,,,,,,66.219215,32.909214,14.12489,3.2865453,,,,28.518835170880763,Technology,Software - Infrastructure,United States,20000,2016-Q3
SNPS,SYNOPSYS INC,2016-10-01 00:00:00-04:00,2016,4,10,59.310001373291016,59.29999923706055,61.36000061035156,58.150001525878906,14164900,185748673,11016754050.716984,11.016754050716983,,,,,,,,66.219215,32.909214,14.12489,3.2865453,,,,18.667470821343702,Technology,Software - Infrastructure,United States,20000,2016-Q4
SNPS,SYNOPSYS INC,2016-11-01 00:00:00-04:00,2016,4,11,60.47999954223633,59.25,62.0,57.54999923706055,16961600,185748673,11234079658.011005,11.234079658011005,,,,,,,,66.219215,32.909214,14.12489,3.2865453,,,,20.766767833328203,Technology,Software - Infrastructure,United States,20000,2016-Q4
SNPS,SYNOPSYS INC,2016-12-01 00:00:00-05:00,2016,4,12,58.86000061035156,58.52000045776367,61.04999923706055,56.029998779296875,18843100,185748673,10933167006.151993,10.933167006151994,,,,,,,,66.219215,32.909214,14.12489,3.2865453,,,,29.050646399230274,Technology,Software - Infrastructure,United States,20000,2016-Q4
SNPS,SYNOPSYS INC,2017-01-01 00:00:00-05:00,2017,1,1,62.88999938964844,59.27000045776367,62.95000076293945,59.040000915527344,11714400,185748673,11681733931.598007,11.681733931598007,,,,,,,,66.219215,32.909214,14.12489,3.2865453,,,,46.59672995981319,Technology,Software - Infrastructure,United States,20000,2017-Q1
SNPS,SYNOPSYS INC,2017-02-01 00:00:00-05:00,2017,1,2,71.44000244140625,63.060001373291016,73.08000183105469,62.2400016784668,18873900,185748673,13269885652.607971,13.269885652607972,,,,,,,,66.219215,32.909214,14.12489,3.2865453,,,,59.64246355621508,Technology,Software - Infrastructure,United States,20000,2017-Q1
SNPS,SYNOPSYS INC,2017-03-01 00:00:00-05:00,2017,1,3,72.12999725341797,71.44000244140625,72.41999816894531,69.41999816894531,52496400,185748673,13398051273.316032,13.398051273316032,,,,,,,,66.219215,32.909214,14.12489,3.2865453,,,,48.90586147466718,Technology,Software - Infrastructure,United States,20000,2017-Q1
SNPS,SYNOPSYS INC,2017-04-01 00:00:00-04:00,2017,2,4,73.69999694824219,72.43000030517578,74.22000122070312,70.62999725341797,18853800,185748673,13689676633.240036,13.689676633240037,,,,,,,,66.219215,32.909214,14.12489,3.2865453,,,,55.092584676525,Technology,Software - Infrastructure,United States,20000,2017-Q2
SNPS,SYNOPSYS INC,2017-05-01 00:00:00-04:00,2017,2,5,74.87000274658203,73.87000274658203,75.33999633789062,70.55000305175781,29059000,185748673,13907003657.683968,13.907003657683967,,,,,,,,66.219215,32.909214,14.12489,3.2865453,,,,44.90033946155698,Technology,Software - Infrastructure,United States,20000,2017-Q2
SNPS,SYNOPSYS INC,2017-06-01 00:00:00-04:00,2017,2,6,72.93000030517578,75.02999877929688,76.56999969482422,72.4000015258789,23723600,185748673,13546650778.575996,13.546650778575996,,,,,,,,66.219215,32.909214,14.12489,3.2865453,,,,34.85576522909204,Technology,Software - Infrastructure,United States,20000,2017-Q2
SNPS,SYNOPSYS INC,2017-07-01 00:00:00-04:00,2017,3,7,76.56999969482422,73.37000274658203,77.29000091552734,71.94000244140625,13149200,185748673,14222775834.924004,14.222775834924004,,,,,,,,66.219215,32.909214,14.12489,3.2865453,,,,41.37740013026037,Technology,Software - Infrastructure,United States,20000,2017-Q3
SNPS,SYNOPSYS INC,2017-08-01 00:00:00-04:00,2017,3,8,80.41999816894531,76.9000015258789,80.44999694824219,75.52999877929688,19129600,185748673,14937907942.544022,14.937907942544022,,,,,,,,66.219215,32.909214,14.12489,3.2865453,,,,35.638382403674875,Technology,Software - Infrastructure,United States,20000,2017-Q3
SNPS,SYNOPSYS INC,2017-09-01 00:00:00-04:00,2017,3,9,80.52999877929688,80.05000305175781,81.56999969482422,78.66000366210938,17045800,185748673,14958340409.946014,14.958340409946015,,,,,,,,66.219215,32.909214,14.12489,3.2865453,,,,35.68660631796155,Technology,Software - Infrastructure,United States,20000,2017-Q3
SNPS,SYNOPSYS INC,2017-10-01 00:00:00-04:00,2017,4,10,86.5199966430664,80.66999816894531,87.47000122070312,80.66999816894531,16804700,185748673,16070974564.41404,16.07097456441404,,,,,,,,66.219215,32.909214,14.12489,3.2865453,,,,45.87758327388747,Technology,Software - Infrastructure,United States,20000,2017-Q4
SNPS,SYNOPSYS INC,2017-11-01 00:00:00-04:00,2017,4,11,90.37999725341797,87.06999969482422,94.80000305175781,85.68000030517578,22186900,185748673,16787964555.566032,16.78796455556603,,,,,,,,66.219215,32.909214,14.12489,3.2865453,,,,49.43782727759598,Technology,Software - Infrastructure,United States,20000,2017-Q4
SNPS,SYNOPSYS INC,2017-12-01 00:00:00-05:00,2017,4,12,85.23999786376953,90.41999816894531,91.44999694824219,85.05000305175781,28308600,185748673,15833216489.718025,15.833216489718025,,,,,,,,66.219215,32.909214,14.12489,3.2865453,,,,44.81820757708008,Technology,Software - Infrastructure,United States,20000,2017-Q4
SNPS,SYNOPSYS INC,2018-01-01 00:00:00-05:00,2018,1,1,92.61000061035156,85.9000015258789,94.13999938964844,85.08000183105469,17351900,185748673,17202184719.901993,17.202184719901993,,,,,,,,66.219215,32.909214,14.12489,3.2865453,,,,47.257117998310825,Technology,Software - Infrastructure,United States,20000,2018-Q1
SNPS,SYNOPSYS INC,2018-02-01 00:00:00-05:00,2018,1,2,84.66999816894531,91.88999938964844,92.94000244140625,82.0999984741211,26867900,185748673,15727339802.794022,15.727339802794022,,,,,,,,66.219215,32.909214,14.12489,3.2865453,,,,18.519030340725507,Technology,Software - Infrastructure,United States,20000,2018-Q1
SNPS,SYNOPSYS INC,2018-03-01 00:00:00-05:00,2018,1,3,83.23999786376953,84.66999816894531,89.9800033569336,82.1500015258789,20102300,185748673,15461719143.718025,15.461719143718025,,,,,,,,66.219215,32.909214,14.12489,3.2865453,,,,15.402746476362994,Technology,Software - Infrastructure,United States,20000,2018-Q1
SNPS,SYNOPSYS INC,2018-04-01 00:00:00-04:00,2018,2,4,85.51000213623047,83.01000213623047,86.2699966430664,80.12999725341797,21596600,185748673,15883369425.031975,15.883369425031974,,,,,,,,66.219215,32.909214,14.12489,3.2865453,,,,16.02443104072606,Technology,Software - Infrastructure,United States,20000,2018-Q2
SNPS,SYNOPSYS INC,2018-05-01 00:00:00-04:00,2018,2,5,88.06999969482422,85.4000015258789,91.63999938964844,85.13999938964844,23142100,185748673,16358885574.424004,16.358885574424004,,,,,,,,66.219215,32.909214,14.12489,3.2865453,,,,17.63055491385672,Technology,Software - Infrastructure,United States,20000,2018-Q2
SNPS,SYNOPSYS INC,2018-06-01 00:00:00-04:00,2018,2,6,85.56999969482422,88.48999786376953,91.66999816894531,84.01000213623047,18202300,185748673,15894513891.924004,15.894513891924003,,,,,,,,66.219215,32.909214,14.12489,3.2865453,,,,17.331687010498186,Technology,Software - Infrastructure,United States,20000,2018-Q2
SNPS,SYNOPSYS INC,2018-07-01 00:00:00-04:00,2018,3,7,89.43000030517578,85.12999725341797,93.66000366210938,84.75,20961600,185748673,16611503883.075996,16.611503883075997,,,,,,,,66.219215,32.909214,14.12489,3.2865453,,,,16.795090324678206,Technology,Software - Infrastructure,United States,20000,2018-Q3
SNPS,SYNOPSYS INC,2018-08-01 00:00:00-04:00,2018,3,8,102.13999938964844,89.2300033569336,102.91000366210938,89.0199966430664,24929500,185748673,18972369346.848007,18.97236934684801,,,,,,,,66.219215,32.909214,14.12489,3.2865453,,,,27.008209046553343,Technology,Software - Infrastructure,United States,20000,2018-Q3
SNPS,SYNOPSYS INC,2018-09-01 00:00:00-04:00,2018,3,9,98.61000061035156,101.54000091552734,103.4000015258789,97.9000015258789,22915200,185748673,18316676757.901993,18.31667675790199,,,,,,,,66.219215,32.909214,14.12489,3.2865453,,,,22.451263013930166,Technology,Software - Infrastructure,United States,20000,2018-Q3
SNPS,SYNOPSYS INC,2018-10-01 00:00:00-04:00,2018,4,10,89.52999877929688,99.16000366210938,99.30999755859375,85.0,32280300,185748673,16630078466.946014,16.630078466946014,,,,,,,,66.219215,32.909214,14.12489,3.2865453,,,,3.4789670053364308,Technology,Software - Infrastructure,United States,20000,2018-Q4
SNPS,SYNOPSYS INC,2018-11-01 00:00:00-04:00,2018,4,11,91.94000244140625,89.55000305175781,94.44000244140625,82.76000213623047,25390000,185748673,17077733449.107971,17.07773344910797,,,,,,,,66.219215,32.909214,14.12489,3.2865453,,,,1.7260513779549624,Technology,Software - Infrastructure,United States,20000,2018-Q4
SNPS,SYNOPSYS INC,2018-12-01 00:00:00-05:00,2018,4,12,84.23999786376953,92.95999908447266,93.8499984741211,79.13999938964844,28414200,185748673,15647467816.718025,15.647467816718025,,,,,,,,66.219215,32.909214,14.12489,3.2865453,,,,-1.1731581711184491,Technology,Software - Infrastructure,United States,20000,2018-Q4
SNPS,SYNOPSYS INC,2019-01-01 00:00:00-05:00,2019,1,1,93.3499984741211,82.37000274658203,93.83999633789062,81.02999877929688,22570800,185748673,17339638341.120018,17.33963834112002,,,,,,,,66.219215,32.909214,14.12489,3.2865453,,,,0.7990474666802028,Technology,Software - Infrastructure,United States,20000,2019-Q1
SNPS,SYNOPSYS INC,2019-02-01 00:00:00-05:00,2019,1,2,101.68000030517578,93.51000213623047,104.19999694824219,92.9000015258789,21671700,185748673,18886925127.325996,18.886925127325995,,,,,,,,66.219215,32.909214,14.12489,3.2865453,,,,20.089763203123923,Technology,Software - Infrastructure,United States,20000,2019-Q1
SNPS,SYNOPSYS INC,2019-03-01 00:00:00-05:00,2019,1,3,115.1500015258789,102.16999816894531,115.20999908447266,100.6500015258789,25745200,185748673,21388959979.379982,21.388959979379983,,,,,,,,66.219215,32.909214,14.12489,3.2865453,,,,38.33494051061035,Technology,Software - Infrastructure,United States,20000,2019-Q1
SNPS,SYNOPSYS INC,2019-04-01 00:00:00-04:00,2019,2,4,121.08000183105469,116.48999786376953,121.37000274658203,113.80999755859375,21801000,185748673,22490449666.95598,22.49044966695598,,,,,,,,66.219215,32.909214,14.12489,3.2865453,,,,41.5974725835649,Technology,Software - Infrastructure,United States,20000,2019-Q2
SNPS,SYNOPSYS INC,2019-05-01 00:00:00-04:00,2019,2,5,116.44000244140625,121.31999969482422,124.12000274658203,113.94000244140625,27156100,185748673,21628575937.60797,21.62857593760797,,,,,,,,66.219215,32.909214,14.12489,3.2865453,,,,32.21301560677683,Technology,Software - Infrastructure,United States,20000,2019-Q2
SNPS,SYNOPSYS INC,2019-06-01 00:00:00-04:00,2019,2,6,128.69000244140625,116.55000305175781,130.63999938964844,112.75,27393700,185748673,23903997181.85797,23.90399718185797,,,,,,,,66.219215,32.909214,14.12489,3.2865453,,,,50.39149573491255,Technology,Software - Infrastructure,United States,20000,2019-Q2
SNPS,SYNOPSYS INC,2019-07-01 00:00:00-04:00,2019,3,7,132.75999450683594,131.39999389648438,138.72000122070312,130.13999938964844,19474900,185748673,24659992807.132065,24.659992807132063,,,,,,,,66.219215,32.909214,14.12489,3.2865453,,,,48.45129604584428,Technology,Software - Infrastructure,United States,20000,2019-Q3
SNPS,SYNOPSYS INC,2019-08-01 00:00:00-04:00,2019,3,8,141.80999755859375,133.35000610351562,142.94000244140625,123.8499984741211,24171700,185748673,26341018864.64203,26.341018864642027,,,,,,,,66.219215,32.909214,14.12489,3.2865453,,,,38.838847078518526,Technology,Software - Infrastructure,United States,20000,2019-Q3
SNPS,SYNOPSYS INC,2019-09-01 00:00:00-04:00,2019,3,9,137.25,140.0800018310547,146.66000366210938,132.50999450683594,22004400,185748673,25494005369.25,25.49400536925,,,,,,,,66.219215,32.909214,14.12489,3.2865453,,,,39.18466600799535,Technology,Software - Infrastructure,United States,20000,2019-Q3
SNPS,SYNOPSYS INC,2019-10-01 00:00:00-04:00,2019,4,10,135.75,137.52999877929688,141.89999389648438,131.5800018310547,18779700,185748673,25215382359.75,25.21538235975,,,,,,,,66.219215,32.909214,14.12489,3.2865453,,,,51.625155647149576,Technology,Software - Infrastructure,United States,20000,2019-Q4
SNPS,SYNOPSYS INC,2019-11-01 00:00:00-04:00,2019,4,11,141.0399932861328,136.39999389648438,143.0,133.83999633789062,17477500,185748673,26197991592.82808,26.197991592828078,,,,,,,,66.219215,32.909214,14.12489,3.2865453,,,,53.404382794114234,Technology,Software - Infrastructure,United States,20000,2019-Q4
SNPS,SYNOPSYS INC,2019-12-01 00:00:00-05:00,2019,4,12,139.1999969482422,141.7899932861328,144.24000549316406,130.72000122070312,24190300,185748673,25856214714.740036,25.856214714740037,,,,,,,,66.219215,32.909214,14.12489,3.2865453,,,,65.24216580982394,Technology,Software - Infrastructure,United States,20000,2019-Q4
SNPS,SYNOPSYS INC,2020-01-01 00:00:00-05:00,2020,1,1,147.50999450683594,140.30999755859375,156.97000122070312,139.6999969482422,19513100,185748673,27399785733.882065,27.399785733882066,,,,,,,,66.219215,32.909214,14.12489,3.2865453,,,,58.01820773219328,Technology,Software - Infrastructure,United States,20000,2020-Q1
SNPS,SYNOPSYS INC,2020-02-01 00:00:00-05:00,2020,1,2,137.92999267578125,148.77000427246094,166.8699951171875,131.50999450683594,29771000,185748673,25620313106.426086,25.620313106426085,,,,,,,,66.219215,32.909214,14.12489,3.2865453,,,,35.65105454544364,Technology,Software - Infrastructure,United States,20000,2020-Q1
SNPS,SYNOPSYS INC,2020-03-01 00:00:00-05:00,2020,1,3,128.7899932861328,137.9600067138672,146.9600067138672,104.9000015258789,38563000,185748673,23922570348.57808,23.92257034857808,,,,,,,,66.219215,32.909214,14.12489,3.2865453,,,,11.845411706041919,Technology,Software - Infrastructure,United States,20000,2020-Q1
SNPS,SYNOPSYS INC,2020-04-01 00:00:00-04:00,2020,2,4,157.1199951171875,122.87999725341797,158.9600067138672,122.51000213623047,23381800,185748673,29184830594.784058,29.184830594784057,,,,,,,,66.219215,32.909214,14.12489,3.2865453,,,,29.765438339206597,Technology,Software - Infrastructure,United States,20000,2020-Q2
SNPS,SYNOPSYS INC,2020-05-01 00:00:00-04:00,2020,2,5,180.91000366210938,153.67999267578125,181.97000122070312,147.97999572753906,20515700,185748673,33603793112.661957,33.603793112661954,,,,,,,,66.219215,32.909214,14.12489,3.2865453,,,,55.36757116880435,Technology,Software - Infrastructure,United States,20000,2020-Q2
SNPS,SYNOPSYS INC,2020-06-01 00:00:00-04:00,2020,2,6,195.0,180.91000366210938,197.66000366210938,176.14999389648438,22699400,185748673,36220991235.0,36.220991235,,,,,,,,66.219215,32.909214,14.12489,3.2865453,,,,51.52692229436029,Technology,Software - Infrastructure,United States,20000,2020-Q2
SNPS,SYNOPSYS INC,2020-07-01 00:00:00-04:00,2020,3,7,199.22000122070312,194.74000549316406,204.89999389648438,188.82000732421875,16043900,185748673,37004850861.803986,37.00485086180399,,,,,,,,66.219215,32.909214,14.12489,3.2865453,,,,50.06026624266327,Technology,Software - Infrastructure,United States,20000,2020-Q3
SNPS,SYNOPSYS INC,2020-08-01 00:00:00-04:00,2020,3,8,221.3000030517578,200.74000549316406,222.02999877929688,190.5,17550500,185748673,41106181901.759964,41.10618190175997,,,,,,,,66.219215,32.909214,14.12489,3.2865453,,,,56.05387974167335,Technology,Software - Infrastructure,United States,20000,2020-Q3
SNPS,SYNOPSYS INC,2020-09-01 00:00:00-04:00,2020,3,9,213.97999572753906,221.17999267578125,230.1199951171875,193.5500030517578,17194900,185748673,39746500254.93605,39.74650025493605,,,,,,,,66.219215,32.909214,14.12489,3.2865453,,,,55.9052792186077,Technology,Software - Infrastructure,United States,20000,2020-Q3
SNPS,SYNOPSYS INC,2020-10-01 00:00:00-04:00,2020,4,10,213.86000061035156,216.3699951171875,232.74000549316406,210.3300018310547,13312500,185748673,39724211321.15199,39.72421132115199,,,,,,,,66.219215,32.909214,14.12489,3.2865453,,,,57.53959529307666,Technology,Software - Infrastructure,United States,20000,2020-Q4
SNPS,SYNOPSYS INC,2020-11-01 00:00:00-04:00,2020,4,11,227.5,215.52000427246094,246.69000244140625,211.1999969482422,15615500,185748673,42257823107.5,42.2578231075,,,,,,,,66.219215,32.909214,14.12489,3.2865453,,,,61.30176604480031,Technology,Software - Infrastructure,United States,20000,2020-Q4
SNPS,SYNOPSYS INC,2020-12-01 00:00:00-05:00,2020,4,12,259.239990234375,226.36000061035156,261.1300048828125,222.0,17267200,185748673,48153484174.568115,48.15348417456811,,,,,,,,66.219215,32.909214,14.12489,3.2865453,,,,86.23562925131851,Technology,Software - Infrastructure,United States,20000,2020-Q4
SNPS,SYNOPSYS INC,2021-01-01 00:00:00-05:00,2021,1,1,255.4499969482422,260.0,280.1099853515625,249.25999450683594,13426900,185748673,47449497950.990036,47.449497950990036,,,,,,,,66.219215,32.909214,14.12489,3.2865453,,,,73.17470440038831,Technology,Software - Infrastructure,United States,20000,2021-Q1
SNPS,SYNOPSYS INC,2021-02-01 00:00:00-05:00,2021,1,2,245.2100067138672,259.9599914550781,300.9100036621094,242.1300048828125,18358600,185748673,45547433353.42192,45.54743335342192,,,,,,,,66.219215,32.909214,14.12489,3.2865453,,,,77.77859764718377,Technology,Software - Infrastructure,United States,20000,2021-Q1
SNPS,SYNOPSYS INC,2021-03-01 00:00:00-05:00,2021,1,3,247.77999877929688,249.33999633789062,257.2300109863281,217.69000244140625,26583100,185748673,46024805969.196014,46.02480596919602,,,,,,,,66.219215,32.909214,14.12489,3.2865453,,,,92.39072264628811,Technology,Software - Infrastructure,United States,20000,2021-Q1
SNPS,SYNOPSYS INC,2021-04-01 00:00:00-04:00,2021,2,4,247.05999755859375,251.7899932861328,264.30999755859375,246.0,16509400,185748673,45891066697.89203,45.89106669789203,,,,,,,,66.219215,32.909214,14.12489,3.2865453,,,,57.242875023210615,Technology,Software - Infrastructure,United States,20000,2021-Q2
SNPS,SYNOPSYS INC,2021-05-01 00:00:00-04:00,2021,2,5,254.33999633789062,248.91000366210938,259.1300048828125,225.02000427246094,20784300,185748673,47243316810.58804,47.24331681058804,,,,,,,,66.219215,32.909214,14.12489,3.2865453,,,,40.589238399955185,Technology,Software - Infrastructure,United States,20000,2021-Q2
SNPS,SYNOPSYS INC,2021-06-01 00:00:00-04:00,2021,2,6,275.7900085449219,253.9199981689453,277.5299987792969,247.8699951171875,17722500,185748673,51227628113.8779,51.2276281138779,,,,,,,,66.219215,32.909214,14.12489,3.2865453,,,,41.43077361278045,Technology,Software - Infrastructure,United States,20000,2021-Q2
SNPS,SYNOPSYS INC,2021-07-01 00:00:00-04:00,2021,3,7,287.989990234375,276.6099853515625,288.3500061035156,272.17999267578125,13105600,185748673,53493758523.318115,53.493758523318114,,,,,,,,66.219215,32.909214,14.12489,3.2865453,,,,44.55877345133097,Technology,Software - Infrastructure,United States,20000,2021-Q3
SNPS,SYNOPSYS INC,2021-08-01 00:00:00-04:00,2021,3,8,332.239990234375,289.82000732421875,335.010009765625,286.010009765625,15207900,185748673,61713137303.568115,61.71313730356812,,,,,,,,66.219215,32.909214,14.12489,3.2865453,,,,50.131037348729926,Technology,Software - Infrastructure,United States,20000,2021-Q3
SNPS,SYNOPSYS INC,2021-09-01 00:00:00-04:00,2021,3,9,299.4100036621094,331.69000244140625,340.6600036621094,298.30999755859375,15283000,185748673,55615010863.16196,55.615010863161956,,,,,,,,66.219215,32.909214,14.12489,3.2865453,,,,39.924296495149214,Technology,Software - Infrastructure,United States,20000,2021-Q3
SNPS,SYNOPSYS INC,2021-10-01 00:00:00-04:00,2021,4,10,333.17999267578125,299.4100036621094,333.6400146484375,287.0199890136719,12592000,185748673,61887741509.67609,61.88774150967609,,,,,,,,66.219215,32.909214,14.12489,3.2865453,,,,55.79350590334477,Technology,Software - Infrastructure,United States,20000,2021-Q4
SNPS,SYNOPSYS INC,2021-11-01 00:00:00-04:00,2021,4,11,341.0,333.45001220703125,361.2200012207031,328.2699890136719,12219500,185748673,63340297493.0,63.340297493,,,,,,,,66.219215,32.909214,14.12489,3.2865453,,,,49.89010989010989,Technology,Software - Infrastructure,United States,20000,2021-Q4
SNPS,SYNOPSYS INC,2021-12-01 00:00:00-05:00,2021,4,12,368.5,344.739990234375,377.6000061035156,334.1000061035156,19411300,185748673,68448386000.5,68.4483860005,,,,,,,,66.219215,32.909214,14.12489,3.2865453,,,,42.146279077870915,Technology,Software - Infrastructure,United States,20000,2021-Q4
SNPS,SYNOPSYS INC,2022-01-01 00:00:00-05:00,2022,1,1,310.5,367.1300048828125,371.7300109863281,279.42999267578125,18698800,185748673,57674962966.5,57.6749629665,,,,,,,,66.219215,32.909214,14.12489,3.2865453,,,,21.550206971782316,Technology,Software - Infrastructure,United States,20000,2022-Q1
SNPS,SYNOPSYS INC,2022-02-01 00:00:00-05:00,2022,1,2,312.3900146484375,311.8399963378906,324.5199890136719,275.0,18377300,185748673,58026030679.39783,58.02603067939783,,,,,,,,66.219215,32.909214,14.12489,3.2865453,,,,27.396927570318084,Technology,Software - Infrastructure,United States,20000,2022-Q1
SNPS,SYNOPSYS INC,2022-03-01 00:00:00-05:00,2022,1,3,333.2699890136719,311.9800109863281,342.5899963378906,277.1600036621094,23943000,185748673,61904458210.01413,61.90445821001413,,,,,,,,66.219215,32.909214,14.12489,3.2865453,,,,34.50237737329349,Technology,Software - Infrastructure,United States,20000,2022-Q1
SNPS,SYNOPSYS INC,2022-04-01 00:00:00-04:00,2022,2,4,286.7900085449219,333.739990234375,341.1600036621094,281.29998779296875,19270100,185748673,53270863516.8779,53.2708635168779,,,,,,,,66.219215,32.909214,14.12489,3.2865453,,,,16.081118505194514,Technology,Software - Infrastructure,United States,20000,2022-Q2
SNPS,SYNOPSYS INC,2022-05-01 00:00:00-04:00,2022,2,5,319.20001220703125,286.54998779296875,324.5,255.02000427246094,23419200,185748673,59290978689.039856,59.290978689039854,,,,,,,,66.219215,32.909214,14.12489,3.2865453,,,,25.501304082341058,Technology,Software - Infrastructure,United States,20000,2022-Q2
SNPS,SYNOPSYS INC,2022-06-01 00:00:00-04:00,2022,2,6,303.70001220703125,321.989990234375,335.2900085449219,286.30999755859375,19354400,185748673,56411874257.539856,56.41187425753986,,,,,,,,66.219215,32.909214,14.12489,3.2865453,,,,10.120019869234408,Technology,Software - Infrastructure,United States,20000,2022-Q2
SNPS,SYNOPSYS INC,2022-07-01 00:00:00-04:00,2022,3,7,367.5,302.25,369.25,294.2900085449219,16336800,185748673,68262637327.5,68.2626373275,,,,,,,,66.219215,32.909214,14.12489,3.2865453,,,,27.608601847903593,Technology,Software - Infrastructure,United States,20000,2022-Q3
SNPS,SYNOPSYS INC,2022-08-01 00:00:00-04:00,2022,3,8,346.0199890136719,364.1700134277344,391.1700134277344,341.6199951171875,24654000,185748673,64272753790.76413,64.27275379076413,,,,,,,,66.219215,32.909214,14.12489,3.2865453,,,,4.147603896080043,Technology,Software - Infrastructure,United States,20000,2022-Q3
SNPS,SYNOPSYS INC,2022-09-01 00:00:00-04:00,2022,3,9,305.510009765625,341.260009765625,342.5299987792969,299.6700134277344,24639200,185748673,56748078902.181885,56.74807890218189,,,,,,,,66.219215,32.909214,14.12489,3.2865453,,,,2.037342115796381,Technology,Software - Infrastructure,United States,20000,2022-Q3
SNPS,SYNOPSYS INC,2022-10-01 00:00:00-04:00,2022,4,10,292.54998779296875,308.7900085449219,326.1099853515625,267.0,24616200,185748673,54340772018.710144,54.34077201871015,,,,,,,,66.219215,32.909214,14.12489,3.2865453,,,,-12.19461125396858,Technology,Software - Infrastructure,United States,20000,2022-Q4
SNPS,SYNOPSYS INC,2022-11-01 00:00:00-04:00,2022,4,11,339.5400085449219,297.45001220703125,340.6099853515625,269.8800048828125,17567900,185748673,63069106017.6279,63.0691060176279,,,,,,,,66.219215,32.909214,14.12489,3.2865453,,,,-0.42814998682643157,Technology,Software - Infrastructure,United States,20000,2022-Q4
SNPS,SYNOPSYS INC,2022-12-01 00:00:00-05:00,2022,4,12,319.2900085449219,362.5899963378906,363.989990234375,314.9200134277344,20159300,185748673,59307695389.3779,59.3076953893779,,,,,,,,66.219215,32.909214,14.12489,3.2865453,,,,-13.354136080075474,Technology,Software - Infrastructure,United States,20000,2022-Q4
SNPS,SYNOPSYS INC,2023-01-01 00:00:00-05:00,2023,1,1,353.75,323.0,359.8699951171875,312.25,12647200,185748673,65708593073.75,65.70859307375,,,,,,,,66.219215,32.909214,14.12489,3.2865453,,,,13.929146537842186,Technology,Software - Infrastructure,United States,20000,2023-Q1
SNPS,SYNOPSYS INC,2023-02-01 00:00:00-05:00,2023,1,2,363.760009765625,353.6700134277344,379.760009765625,347.9700012207031,17509100,185748673,67567939104.431885,67.56793910443189,,,,,,,,66.219215,32.909214,14.12489,3.2865453,,,,16.44418602015787,Technology,Software - Infrastructure,United States,20000,2023-Q1
SNPS,SYNOPSYS INC,2023-03-01 00:00:00-05:00,2023,1,3,386.25,363.19000244140625,386.7200012207031,350.5799865722656,19060100,185748673,71745424946.25,71.74542494625,,,,,,,,66.219215,32.909214,14.12489,3.2865453,,,,15.89702425445656,Technology,Software - Infrastructure,United States,20000,2023-Q1
SNPS,SYNOPSYS INC,2023-04-01 00:00:00-04:00,2023,2,4,371.32000732421875,385.17999267578125,392.7900085449219,360.3699951171875,12059400,185748673,68972198618.82391,68.97219861882391,,,,,,,,66.219215,32.909214,14.12489,3.2865453,,,,29.47452709673335,Technology,Software - Infrastructure,United States,20000,2023-Q2
SNPS,SYNOPSYS INC,2023-05-01 00:00:00-04:00,2023,2,5,454.9599914550781,370.760009765625,468.0299987792969,365.4599914550781,25237200,185748673,84508214680.8721,84.5082146808721,,,,,,,,66.219215,32.909214,14.12489,3.2865453,,,,42.53132019305619,Technology,Software - Infrastructure,United States,20000,2023-Q2
SNPS,SYNOPSYS INC,2023-06-01 00:00:00-04:00,2023,2,6,435.4100036621094,446.5299987792969,460.8699951171875,416.8699951171875,23342000,185748673,80876830391.16196,80.87683039116196,,,,,,,,66.219215,32.909214,14.12489,3.2865453,,,,43.36845115610066,Technology,Software - Infrastructure,United States,20000,2023-Q2
SNPS,SYNOPSYS INC,2023-07-01 00:00:00-04:00,2023,3,7,451.79998779296875,431.5199890136719,465.6700134277344,425.4100036621094,17735200,185748673,83921248193.96014,83.92124819396014,,,,,,,,66.219215,32.909214,14.12489,3.2865453,,,,22.93877218856293,Technology,Software - Infrastructure,United States,20000,2023-Q3
SNPS,SYNOPSYS INC,2023-08-01 00:00:00-04:00,2023,3,8,458.8900146484375,448.1400146484375,463.9700012207031,418.510009765625,16202800,185748673,85238211273.89783,85.23821127389783,,,,,,,,66.219215,32.909214,14.12489,3.2865453,,,,32.61951020705509,Technology,Software - Infrastructure,United States,20000,2023-Q3
SNPS,SYNOPSYS INC,2023-09-01 00:00:00-04:00,2023,3,9,458.9700012207031,460.0,471.94000244140625,440.6199951171875,15981000,185748673,85253068673.55399,85.25306867355398,,,,,,,,66.219215,32.909214,14.12489,3.2865453,,,,50.23075727463282,Technology,Software - Infrastructure,United States,20000,2023-Q3
SNPS,SYNOPSYS INC,2023-10-01 00:00:00-04:00,2023,4,10,469.44000244140625,461.19000244140625,502.6600036621094,448.260009765625,16638200,185748673,87197857506.60797,87.19785750660797,,,,,,,,66.219215,32.909214,14.12489,3.2865453,,,,60.464885328800186,Technology,Software - Infrastructure,United States,20000,2023-Q4
SNPS,SYNOPSYS INC,2023-11-01 00:00:00-04:00,2023,4,11,543.22998046875,470.70001220703125,564.780029296875,468.0,18266500,185748673,100904248005.88623,100.90424800588623,,,,,,,,66.219215,32.909214,14.12489,3.2865453,,,,59.989976673655974,Technology,Software - Infrastructure,United States,20000,2023-Q4
SNPS,SYNOPSYS INC,2023-12-01 00:00:00-05:00,2023,4,12,514.9099731445312,543.5599975585938,573.77001953125,510.739990234375,21895500,185748673,95643844226.06232,95.64384422606231,,,,,,,,66.219215,32.909214,14.12489,3.2865453,,,,61.26717384333278,Technology,Software - Infrastructure,United States,20000,2023-Q4
SNPS,SYNOPSYS INC,2024-01-01 00:00:00-05:00,2024,1,1,533.3499755859375,507.95001220703125,554.5700073242188,477.6499938964844,36300000,185748673,99069050209.67029,99.0690502096703,,,,,,,,66.219215,32.909214,14.12489,3.2865453,,,,50.77031111969965,Technology,Software - Infrastructure,United States,20000,2024-Q1
SNPS,SYNOPSYS INC,2024-02-01 00:00:00-05:00,2024,1,2,573.72998046875,534.0,629.3800048828125,527.030029296875,24184800,185748673,106569582532.38623,106.56958253238624,,,,,,,,66.219215,32.909214,14.12489,3.2865453,,,,57.722114874147714,Technology,Software - Infrastructure,United States,20000,2024-Q1
SNPS,SYNOPSYS INC,2024-03-01 00:00:00-05:00,2024,1,3,571.5,572.5599975585938,616.5399780273438,546.9099731445312,20583000,185748673,106155366619.5,106.1553666195,,,,,,,,66.219215,32.909214,14.12489,3.2865453,,,,47.961165048543684,Technology,Software - Infrastructure,United States,20000,2024-Q1
SNPS,SYNOPSYS INC,2024-04-01 00:00:00-04:00,2024,2,4,530.5900268554688,578.0700073242188,592.7100219726562,508.19000244140625,20548500,185748673,98556393395.43768,98.55639339543768,,,,,,,,66.219215,32.909214,14.12489,3.2865453,,,,42.892926960486434,Technology,Software - Infrastructure,United States,20000,2024-Q2
SNPS,SYNOPSYS INC,2024-05-01 00:00:00-04:00,2024,2,5,560.7999877929688,528.1699829101562,605.4500122070312,512.1199951171875,18394800,185748673,104167853550.96014,104.16785355096015,,,,,,,,66.219215,32.909214,14.12489,3.2865453,,,,23.263583243745735,Technology,Software - Infrastructure,United States,20000,2024-Q2
SNPS,SYNOPSYS INC,2024-06-01 00:00:00-04:00,2024,2,6,595.0599975585938,564.97998046875,622.989990234375,549.969970703125,16493100,185748673,110531604901.89203,110.53160490189202,,,,,,,,66.219215,32.909214,14.12489,3.2865453,,,,36.666588400292554,Technology,Software - Infrastructure,United States,20000,2024-Q2
SNPS,SYNOPSYS INC,2024-07-01 00:00:00-04:00,2024,3,7,558.3200073242188,594.7899780273438,624.7999877929688,522.1900024414062,17577300,185748673,103707200469.82391,103.70720046982392,1525749000.0,1525.749,1235073000.0,408055000.0,360211000.0,460000000.0,16.99283441605138,66.219215,32.909214,14.12489,3.2865453,,,,23.57680885552864,Technology,Software - Infrastructure,United States,20000,2024-Q3
SNPS,SYNOPSYS INC,2024-08-01 00:00:00-04:00,2024,3,8,519.5800170898438,556.0399780273438,585.6699829101562,474.57000732421875,25198600,185748673,96511298691.7558,96.5112986917558,1525749000.0,1525.749,1235073000.0,408055000.0,360211000.0,460000000.0,15.813757487593929,66.219215,32.909214,14.12489,3.2865453,,0.0,,13.22539181592386,Technology,Software - Infrastructure,United States,20000,2024-Q3
SNPS,SYNOPSYS INC,2024-09-01 00:00:00-04:00,2024,3,9,506.3900146484375,514.1500244140625,525.489990234375,457.5199890136719,24965500,185748673,94061273241.39783,94.06127324139783,1525749000.0,1525.749,1235073000.0,408055000.0,360211000.0,460000000.0,15.412311140528,66.219215,32.909214,14.12489,3.2865453,,0.0,,10.331832865244639,Technology,Software - Infrastructure,United States,20000,2024-Q3
SNPS,SYNOPSYS INC,2024-10-01 00:00:00-04:00,2024,4,10,513.6099853515625,507.5400085449219,550.5900268554688,489.45001220703125,21912800,185748673,95402373218.60217,95.40237321860218,1635986000.0,1635.986,1260963000.0,1114106000.0,310802000.0,453547000.0,14.578727021289023,66.219215,32.909214,14.12489,3.2865453,,7.225107144097742,,9.409079473509374,Technology,Software - Infrastructure,United States,20000,2024-Q4
SNPS,SYNOPSYS INC,2024-11-01 00:00:00-04:00,2024,4,11,558.489990234375,508.8299865722656,574.6400146484375,508.8299865722656,16216700,185748673,103738774569.81812,103.73877456981812,1635986000.0,1635.986,1260963000.0,1114106000.0,310802000.0,453547000.0,15.852637884709605,66.219215,32.909214,14.12489,3.2865453,,0.0,7.225107144097742,2.8091251061764355,Technology,Software - Infrastructure,United States,20000,2024-Q4
SNPS,SYNOPSYS INC,2024-12-01 00:00:00-05:00,2024,4,12,485.3599853515625,555.9299926757812,592.989990234375,478.8399963378906,28633200,185748673,90154973206.35217,90.15497320635217,1635986000.0,1635.986,1260963000.0,1114106000.0,310802000.0,453547000.0,13.776855854260393,66.219215,32.909214,14.12489,3.2865453,,0.0,7.225107144097742,-5.738864915066289,Technology,Software - Infrastructure,United States,20000,2024-Q4
SNPS,SYNOPSYS INC,2025-01-01 00:00:00-05:00,2025,1,1,525.47998046875,494.0400085449219,556.3099975585938,479.0,22356000,185748673,97607209060.13623,97.60720906013623,1455315000.0,1455.315,1185340000.0,295683000.0,251839000.0,349734000.0,16.767368071540567,66.219215,32.909214,14.12489,3.2865453,,-11.043554162443936,-4.616355639099224,-1.4755780402055052,Technology,Software - Infrastructure,United States,20000,2025-Q1
SNPS,SYNOPSYS INC,2025-02-01 00:00:00-05:00,2025,1,2,457.2799987792969,511.69000244140625,545.6500244140625,448.1099853515625,22310900,185748673,84939152962.69601,84.93915296269601,1455315000.0,1455.315,1185340000.0,295683000.0,251839000.0,349734000.0,14.591197260162923,66.219215,32.909214,14.12489,3.2865453,,0.0,-11.043554162443936,-20.297001316596862,Technology,Software - Infrastructure,United States,20000,2025-Q1
SNPS,SYNOPSYS INC,2025-03-01 00:00:00-05:00,2025,1,3,428.8500061035156,463.57000732421875,467.7300109863281,423.0799865722656,28806200,185748673,79658319549.76993,79.65831954976993,1455315000.0,1455.315,1185340000.0,295683000.0,251839000.0,349734000.0,13.684033963397946,66.219215,32.909214,14.12489,3.2865453,,0.0,-11.043554162443936,-24.96062885327811,Technology,Software - Infrastructure,United States,20000,2025-Q1
SNPS,SYNOPSYS INC,2025-04-01 00:00:00-04:00,2025,2,4,459.010009765625,430.1099853515625,462.42999267578125,365.739990234375,30479200,185748673,85260500207.68188,85.26050020768189,1604266000.0,1604.266,1285919000.0,345332000.0,376426000.0,539431000.0,13.286527952297481,66.219215,32.909214,14.12489,3.2865453,,10.234966313134963,-1.9388918976079306,-13.490645030412896,Technology,Software - Infrastructure,United States,20000,2025-Q2
SNPS,SYNOPSYS INC,2025-05-01 00:00:00-04:00,2025,2,5,463.9800109863281,462.4700012207031,521.0999755859375,437.69000244140625,29031200,185748673,86183671339.23587,86.18367133923587,1604266000.0,1604.266,1285919000.0,345332000.0,376426000.0,539431000.0,13.430389869765342,66.219215,32.909214,14.12489,3.2865453,,0.0,10.234966313134963,-17.264618208655126,Technology,Software - Infrastructure,United States,20000,2025-Q2
SNPS,SYNOPSYS INC,2025-06-01 00:00:00-04:00,2025,2,6,512.6799926757812,459.9200134277344,521.6900024414062,452.489990234375,23870600,185748673,95229628313.17609,95.2296283131761,1604266000.0,1604.266,1285919000.0,345332000.0,376426000.0,539431000.0,14.840062108337408,66.219215,32.909214,14.12489,3.2865453,,0.0,10.234966313134963,-13.843982996807103,Technology,Software - Infrastructure,United States,20000,2025-Q2
SNPS,SYNOPSYS INC,2025-07-01 00:00:00-04:00,2025,3,7,633.469970703125,509.2200012207031,651.72998046875,506.0799865722656,53414400,185748673,117666206443.45435,117.66620644345434,1739737000.0,1739.737,1359173000.0,242509000.0,165269000.0,450281000.0,16.908619872350585,66.219215,32.909214,14.12489,3.2865453,,8.444422558353782,19.543672675675026,13.46001619018935,Technology,Software - Infrastructure,United States,20000,2025-Q3
SNPS,SYNOPSYS INC,2025-08-01 00:00:00-04:00,2025,3,8,603.52001953125,617.5499877929688,636.6099853515625,593.0,21980600,185748673,112103042756.86377,112.10304275686377,1739737000.0,1739.737,1359173000.0,242509000.0,165269000.0,450281000.0,16.109193912192442,66.219215,32.909214,14.12489,3.2865453,,0.0,8.444422558353782,16.155356187782655,Technology,Software - Infrastructure,United States,20000,2025-Q3
SNPS,SYNOPSYS INC,2025-09-01 00:00:00-04:00,2025,3,9,493.3900146484375,589.0499877929688,615.7899780273438,380.8399963378906,100835100,185748673,91646540492.39783,91.64654049239783,1739737000.0,1739.737,1359173000.0,242509000.0,165269000.0,450281000.0,13.169596969599116,66.219215,32.909214,14.12489,3.2865453,,0.0,8.444422558353782,-2.567191220985132,Technology,Software - Infrastructure,United States,20000,2025-Q3
SNPS,SYNOPSYS INC,2025-10-01 00:00:00-04:00,2025,4,10,489.3599853515625,488.75,495.7200012207031,466.5899963378906,13373730,185748673,90897967898.35217,90.89796789835218,,,,,,,,66.219215,32.909214,14.12489,3.2865453,,0.0,8.444422558353782,-4.721481414229334,Technology,Software - Infrastructure,United States,20000,2025-Q4
