ticker,company_name,date,year,quarter,month,close_price,open_price,high_price,low_price,volume,shares_outstanding,market_cap,market_cap_billions,revenue,revenue_millions,gross_profit,net_income,operating_income,ebitda,ps_ratio,current_pe,forward_pe,current_ps,current_pb,peg_ratio,revenue_qoq_pct,revenue_yoy_pct,market_cap_yoy_pct,user_subscribers_millions,sector,industry,country,employees,year_quarter
SPT,"Sprout Social, Inc.",2019-12-01 00:00:00-05:00,2019,4,12,16.049999237060547,18.049999237060547,18.75,15.600000381469727,7989600,52645842,844965723.9344101,0.84496572393441,,,,,,,,,15.845071,1.53593,3.585086,,,,,,Technology,Software - Application,United States,1322,2019-Q4
SPT,"Sprout Social, Inc.",2020-01-01 00:00:00-05:00,2020,1,1,20.530000686645508,16.239999771118164,21.399999618530273,16.149999618530273,7842200,52645842,1080819172.409031,1.0808191724090308,,,,,,,,,15.845071,1.53593,3.585086,,,,,,Technology,Software - Application,United States,1322,2020-Q1
SPT,"Sprout Social, Inc.",2020-02-01 00:00:00-05:00,2020,1,2,19.649999618530273,20.530000686645508,22.5,17.530000686645508,8884800,52645842,1034490775.217205,1.034490775217205,,,,,,,,,15.845071,1.53593,3.585086,,,,,,Technology,Software - Application,United States,1322,2020-Q1
SPT,"Sprout Social, Inc.",2020-03-01 00:00:00-05:00,2020,1,3,15.960000038146973,19.5,21.469999313354492,10.539999961853027,7875500,52645842,840227640.3282795,0.8402276403282795,,,,,,,,,15.845071,1.53593,3.585086,,,,,,Technology,Software - Application,United States,1322,2020-Q1
SPT,"Sprout Social, Inc.",2020-04-01 00:00:00-04:00,2020,2,4,16.81999969482422,15.180000305175781,16.959999084472656,11.899999618530273,5978900,52645842,885503046.373764,0.8855030463737641,,,,,,,,,15.845071,1.53593,3.585086,,,,,,Technology,Software - Application,United States,1322,2020-Q2
SPT,"Sprout Social, Inc.",2020-05-01 00:00:00-04:00,2020,2,5,27.549999237060547,16.350000381469727,29.530000686645508,16.010000228881836,5760600,52645842,1450392906.93441,1.4503929069344101,,,,,,,,,15.845071,1.53593,3.585086,,,,,,Technology,Software - Application,United States,1322,2020-Q2
SPT,"Sprout Social, Inc.",2020-06-01 00:00:00-04:00,2020,2,6,27.0,27.540000915527344,33.52000045776367,24.673999786376953,15265300,52645842,1421437734.0,1.421437734,,,,,,,,,15.845071,1.53593,3.585086,,,,,,Technology,Software - Application,United States,1322,2020-Q2
SPT,"Sprout Social, Inc.",2020-07-01 00:00:00-04:00,2020,3,7,28.889999389648438,26.989999771118164,31.389999389648438,24.549999237060547,11345300,52645842,1520938343.247528,1.520938343247528,,,,,,,,,15.845071,1.53593,3.585086,,,,,,Technology,Software - Application,United States,1322,2020-Q3
SPT,"Sprout Social, Inc.",2020-08-01 00:00:00-04:00,2020,3,8,38.75,29.18000030517578,38.810001373291016,25.610000610351562,20369000,52645842,2040026377.5,2.0400263775,,,,,,,,,15.845071,1.53593,3.585086,,,,,,Technology,Software - Application,United States,1322,2020-Q3
SPT,"Sprout Social, Inc.",2020-09-01 00:00:00-04:00,2020,3,9,38.5,39.029998779296875,41.869998931884766,31.270000457763672,13567500,52645842,2026864917.0,2.026864917,,,,,,,,,15.845071,1.53593,3.585086,,,,,,Technology,Software - Application,United States,1322,2020-Q3
SPT,"Sprout Social, Inc.",2020-10-01 00:00:00-04:00,2020,4,10,43.70000076293945,39.540000915527344,51.56999969482422,37.13999938964844,9931000,52645842,2300623335.56559,2.30062333556559,,,,,,,,,15.845071,1.53593,3.585086,,,,,,Technology,Software - Application,United States,1322,2020-Q4
SPT,"Sprout Social, Inc.",2020-11-01 00:00:00-04:00,2020,4,11,51.380001068115234,44.0,52.650001525878906,41.22999954223633,14621500,52645842,2704943418.191826,2.7049434181918257,,,,,,,,,15.845071,1.53593,3.585086,,,,,,Technology,Software - Application,United States,1322,2020-Q4
SPT,"Sprout Social, Inc.",2020-12-01 00:00:00-05:00,2020,4,12,45.40999984741211,50.5099983215332,56.650001525878906,44.29999923706055,15837500,52645842,2390647677.186882,2.390647677186882,,,,,,,,,15.845071,1.53593,3.585086,,,,182.92836140800128,,Technology,Software - Application,United States,1322,2020-Q4
SPT,"Sprout Social, Inc.",2021-01-01 00:00:00-05:00,2021,1,1,66.0,45.88999938964844,70.95999908447266,45.0,9331200,52645842,3474625572.0,3.474625572,,,,,,,,,15.845071,1.53593,3.585086,,,,221.48074911138275,,Technology,Software - Application,United States,1322,2021-Q1
SPT,"Sprout Social, Inc.",2021-02-01 00:00:00-05:00,2021,1,2,67.97000122070312,66.63999938964844,82.47000122070312,61.95000076293945,12422000,52645842,3578337945.004944,3.578337945004944,,,,,,,,,15.845071,1.53593,3.585086,,,,245.90332081536678,,Technology,Software - Application,United States,1322,2021-Q1
SPT,"Sprout Social, Inc.",2021-03-01 00:00:00-05:00,2021,1,3,57.7599983215332,68.72000122070312,73.05999755859375,49.45000076293945,18018100,52645842,3040823745.555702,3.040823745555702,,,,,,,,,15.845071,1.53593,3.585086,,,,261.9047505230419,,Technology,Software - Application,United States,1322,2021-Q1
SPT,"Sprout Social, Inc.",2021-04-01 00:00:00-04:00,2021,2,4,66.29000091552734,59.18000030517578,71.93000030517578,55.96500015258789,7563800,52645842,3489892914.378708,3.489892914378708,,,,,,,,,15.845071,1.53593,3.585086,,,,294.1141624153883,,Technology,Software - Application,United States,1322,2021-Q2
SPT,"Sprout Social, Inc.",2021-05-01 00:00:00-04:00,2021,2,5,69.41999816894531,66.5999984741211,72.0,52.97999954223633,11335600,52645842,3654674255.242584,3.6546742552425844,,,,,,,,,15.845071,1.53593,3.585086,,,,151.9782217473197,,Technology,Software - Application,United States,1322,2021-Q2
SPT,"Sprout Social, Inc.",2021-06-01 00:00:00-04:00,2021,2,6,89.41999816894531,70.0,95.24500274658203,66.0999984741211,15722500,52645842,4707591095.242584,4.707591095242584,,,,,,,,,15.845071,1.53593,3.585086,,,,231.18517840350114,,Technology,Software - Application,United States,1322,2021-Q2
SPT,"Sprout Social, Inc.",2021-07-01 00:00:00-04:00,2021,3,7,88.83999633789062,88.87000274658203,95.75,79.02999877929688,7294100,52645842,4677056410.485168,4.677056410485169,,,,,,,,,15.845071,1.53593,3.585086,,,,207.51124338799,,Technology,Software - Application,United States,1322,2021-Q3
SPT,"Sprout Social, Inc.",2021-08-01 00:00:00-04:00,2021,3,8,121.5999984741211,89.04000091552734,125.19999694824219,86.66000366210938,7884300,52645842,6401734306.86882,6.40173430686882,,,,,,,,,15.845071,1.53593,3.585086,,,,213.8064476751512,,Technology,Software - Application,United States,1322,2021-Q3
SPT,"Sprout Social, Inc.",2021-09-01 00:00:00-04:00,2021,3,9,121.94999694824219,121.80999755859375,145.4199981689453,115.66999816894531,9997200,52645842,6420160271.23764,6.42016027123764,,,,,,,,,15.845071,1.53593,3.585086,,,,216.75323882660308,,Technology,Software - Application,United States,1322,2021-Q3
SPT,"Sprout Social, Inc.",2021-10-01 00:00:00-04:00,2021,4,10,127.68000030517578,122.41999816894531,135.3300018310547,109.01899719238281,7092200,52645842,6721821122.626236,6.721821122626236,,,,,,,,,15.845071,1.53593,3.585086,,,,192.17390864088273,,Technology,Software - Application,United States,1322,2021-Q4
SPT,"Sprout Social, Inc.",2021-11-01 00:00:00-04:00,2021,4,11,111.68000030517578,126.7699966430664,142.61000061035156,103.20999908447266,8817000,52645842,5879487650.626236,5.879487650626236,,,,,,,,,15.845071,1.53593,3.585086,,,,117.36083686942695,,Technology,Software - Application,United States,1322,2021-Q4
SPT,"Sprout Social, Inc.",2021-12-01 00:00:00-05:00,2021,4,12,90.69000244140625,113.37999725341797,114.0,79.08000183105469,11974100,52645842,4774451539.509888,4.774451539509887,,,,,,,,,15.845071,1.53593,3.585086,,,,99.71372549250212,,Technology,Software - Application,United States,1322,2021-Q4
SPT,"Sprout Social, Inc.",2022-01-01 00:00:00-05:00,2022,1,1,68.8499984741211,90.91999816894531,91.13500213623047,54.20000076293945,15787500,52645842,3624666141.36882,3.62466614136882,,,,,,,,,15.845071,1.53593,3.585086,,,,4.318179506244091,,Technology,Software - Application,United States,1322,2022-Q1
SPT,"Sprout Social, Inc.",2022-02-01 00:00:00-05:00,2022,1,2,65.11000061035156,69.43000030517578,79.30999755859375,48.790000915527344,15264500,52645842,3427770804.752472,3.427770804752472,,,,,,,,,15.845071,1.53593,3.585086,,,,-4.207739530656984,,Technology,Software - Application,United States,1322,2022-Q1
SPT,"Sprout Social, Inc.",2022-03-01 00:00:00-05:00,2022,1,3,80.12000274658203,65.11000061035156,83.81999969482422,53.900001525878906,14116700,52645842,4217985005.6361237,4.217985005636123,,,,,,,,,15.845071,1.53593,3.585086,,,,38.71192014337872,,Technology,Software - Application,United States,1322,2022-Q1
SPT,"Sprout Social, Inc.",2022-04-01 00:00:00-04:00,2022,2,4,61.279998779296875,79.91999816894531,85.98999786376953,58.755001068115234,8002500,52645842,3226137133.495056,3.226137133495056,,,,,,,,,15.845071,1.53593,3.585086,,,,-7.557704128884635,,Technology,Software - Application,United States,1322,2022-Q2
SPT,"Sprout Social, Inc.",2022-05-01 00:00:00-04:00,2022,2,5,50.93000030517578,62.119998931884766,65.70999908447266,38.39099884033203,20830200,52645842,2681252749.126236,2.681252749126236,,,,,,,,,15.845071,1.53593,3.585086,,,,-26.634973136661564,,Technology,Software - Application,United States,1322,2022-Q2
SPT,"Sprout Social, Inc.",2022-06-01 00:00:00-04:00,2022,2,6,58.06999969482422,51.72999954223633,70.41999816894531,44.369998931884766,13677200,52645842,3057144028.873764,3.057144028873764,,,,,,,,,15.845071,1.53593,3.585086,,,,-35.0592698681229,,Technology,Software - Application,United States,1322,2022-Q2
SPT,"Sprout Social, Inc.",2022-07-01 00:00:00-04:00,2022,3,7,52.099998474121094,57.88999938964844,66.3499984741211,48.56999969482422,9503100,52645842,2742848287.86882,2.7428482878688203,,,,,,,,,15.845071,1.53593,3.585086,,,,-41.35524468510111,,Technology,Software - Application,United States,1322,2022-Q3
SPT,"Sprout Social, Inc.",2022-08-01 00:00:00-04:00,2022,3,8,60.040000915527344,51.369998931884766,68.37999725341797,49.900001525878906,10092500,52645842,3160856401.878708,3.160856401878708,,,,,,,,,15.845071,1.53593,3.585086,,,,-50.62499862752461,,Technology,Software - Application,United States,1322,2022-Q3
SPT,"Sprout Social, Inc.",2022-09-01 00:00:00-04:00,2022,3,9,60.68000030517578,58.04999923706055,69.55000305175781,54.43000030517578,8916900,52645842,3194549708.626236,3.1945497086262358,,,,,,,,,15.845071,1.53593,3.585086,,,,-50.24190092359782,,Technology,Software - Application,United States,1322,2022-Q3
SPT,"Sprout Social, Inc.",2022-10-01 00:00:00-04:00,2022,4,10,60.33000183105469,60.68000030517578,69.44999694824219,47.52000045776367,10318200,52645842,3176123744.257416,3.1761237442574157,,,,,,,,,15.845071,1.53593,3.585086,,,,-52.74905882921659,,Technology,Software - Application,United States,1322,2022-Q4
SPT,"Sprout Social, Inc.",2022-11-01 00:00:00-04:00,2022,4,11,59.29999923706055,61.63999938964844,69.62000274658203,45.689998626708984,14646400,52645842,3121898390.43441,3.12189839043441,,,,,,,,,15.845071,1.53593,3.585086,,,,-46.90186329242667,,Technology,Software - Application,United States,1322,2022-Q4
SPT,"Sprout Social, Inc.",2022-12-01 00:00:00-05:00,2022,4,12,56.459999084472656,59.939998626708984,67.91000366210938,51.5099983215332,12097000,52645842,2972384191.121292,2.972384191121292,,,,,,,,,15.845071,1.53593,3.585086,,,,-37.74396563617826,,Technology,Software - Application,United States,1322,2022-Q4
SPT,"Sprout Social, Inc.",2023-01-01 00:00:00-05:00,2023,1,1,63.970001220703125,57.790000915527344,66.5,51.18000030517578,11389300,52645842,3367754577.004944,3.367754577004944,,,,,,,,,15.845071,1.53593,3.585086,,,,-7.087868353769434,,Technology,Software - Application,United States,1322,2023-Q1
SPT,"Sprout Social, Inc.",2023-02-01 00:00:00-05:00,2023,1,2,60.97999954223633,63.68000030517578,74.06999969482422,57.790000915527344,14575100,52645842,3210343421.060646,3.210343421060646,,,,,,,,,15.845071,1.53593,3.585086,,,,-6.343113238212172,,Technology,Software - Application,United States,1322,2023-Q1
SPT,"Sprout Social, Inc.",2023-03-01 00:00:00-05:00,2023,1,3,60.880001068115234,61.279998779296875,67.41799926757812,54.650001525878906,12423900,52645842,3205078917.191826,3.205078917191826,,,,,,,,,15.845071,1.53593,3.585086,,,,-24.013980303174154,,Technology,Software - Application,United States,1322,2023-Q1
SPT,"Sprout Social, Inc.",2023-04-01 00:00:00-04:00,2023,2,4,49.2599983215332,59.54999923706055,59.75,48.29999923706055,16520100,52645842,2593334088.555702,2.5933340885557024,,,,,,,,,15.845071,1.53593,3.585086,,,,-19.61488364426105,,Technology,Software - Application,United States,1322,2023-Q2
SPT,"Sprout Social, Inc.",2023-05-01 00:00:00-04:00,2023,2,5,43.310001373291016,48.849998474121094,50.2400016784668,37.0,28009800,52645842,2280091489.318062,2.2800914893180617,,,,,,,,,15.845071,1.53593,3.585086,,,,-14.96170996706313,,Technology,Software - Application,United States,1322,2023-Q2
SPT,"Sprout Social, Inc.",2023-06-01 00:00:00-04:00,2023,2,6,46.15999984741211,42.81999969482422,52.9900016784668,42.20000076293945,15486200,52645842,2430132058.686882,2.430132058686882,,,,,,,,,15.845071,1.53593,3.585086,,,,-20.50972948166495,,Technology,Software - Application,United States,1322,2023-Q2
SPT,"Sprout Social, Inc.",2023-07-01 00:00:00-04:00,2023,3,7,57.13999938964844,46.15999984741211,58.66999816894531,44.79999923706055,12732500,52645842,3008183379.747528,3.008183379747528,,,,,,,,,15.845071,1.53593,3.585086,,,,9.673706455156218,,Technology,Software - Application,United States,1322,2023-Q3
SPT,"Sprout Social, Inc.",2023-08-01 00:00:00-04:00,2023,3,8,53.540000915527344,56.31999969482422,56.5099983215332,43.834999084472656,14511600,52645842,2818658428.878708,2.8186584288787078,,,,,,,,,15.845071,1.53593,3.585086,,,,-10.826115757634824,,Technology,Software - Application,United States,1322,2023-Q3
SPT,"Sprout Social, Inc.",2023-09-01 00:00:00-04:00,2023,3,9,49.880001068115234,54.15999984741211,54.439998626708984,46.41999816894531,12722500,52645842,2625974655.191826,2.625974655191826,,,,,,,,,15.845071,1.53593,3.585086,,,,-17.79828474414056,,Technology,Software - Application,United States,1322,2023-Q3
SPT,"Sprout Social, Inc.",2023-10-01 00:00:00-04:00,2023,4,10,43.279998779296875,49.70000076293945,53.290000915527344,41.66999816894531,11248300,52645842,2278511977.495056,2.278511977495056,,,,,,,,,15.845071,1.53593,3.585086,,,,-28.261234102899323,,Technology,Software - Application,United States,1322,2023-Q4
SPT,"Sprout Social, Inc.",2023-11-01 00:00:00-04:00,2023,4,11,56.900001525878906,43.0099983215332,58.90999984741211,41.47999954223633,16737100,52645842,2995548490.13118,2.99554849013118,,,,,,,,,15.845071,1.53593,3.585086,,,,-4.047213730285715,,Technology,Software - Application,United States,1322,2023-Q4
SPT,"Sprout Social, Inc.",2023-12-01 00:00:00-05:00,2023,4,12,61.439998626708984,57.130001068115234,67.66999816894531,53.790000915527344,12277900,52645842,3234560460.181938,3.234560460181938,,,,,,,,,15.845071,1.53593,3.585086,,,,8.820403157969414,,Technology,Software - Application,United States,1322,2023-Q4
SPT,"Sprout Social, Inc.",2024-01-01 00:00:00-05:00,2024,1,1,61.33000183105469,62.11000061035156,66.41500091552734,55.060001373291016,10798400,52645842,3228769586.257416,3.2287695862574157,,,,,,,,,15.845071,1.53593,3.585086,,,,-4.126933467673643,66.4,Technology,Software - Application,United States,1322,2024-Q1
SPT,"Sprout Social, Inc.",2024-02-01 00:00:00-05:00,2024,1,2,61.81999969482422,62.189998626708984,68.41000366210938,57.79999923706055,14184800,52645842,3254565936.373764,3.2545659363737642,,,,,,,,,15.845071,1.53593,3.585086,,,,1.3775010805076926,66.4,Technology,Software - Application,United States,1322,2024-Q1
SPT,"Sprout Social, Inc.",2024-03-01 00:00:00-05:00,2024,1,3,59.709999084472656,61.869998931884766,64.91000366210938,54.63999938964844,11140100,52645842,3143483177.621292,3.143483177621292,,,,,,,,,15.845071,1.53593,3.585086,,,,-1.921816627981865,66.4,Technology,Software - Application,United States,1322,2024-Q1
SPT,"Sprout Social, Inc.",2024-04-01 00:00:00-04:00,2024,2,4,50.45000076293945,59.61000061035156,59.849998474121094,50.11000061035156,13048300,52645842,2655982769.06559,2.6559827690655897,99396000.0,99.396,76994000.0,-16892000.0,-16513000.0,-12735000.0,6.680305970727167,,15.845071,1.53593,3.585086,,,,2.4157581850465792,,Technology,Software - Application,United States,1322,2024-Q2
SPT,"Sprout Social, Inc.",2024-05-01 00:00:00-04:00,2024,2,5,32.650001525878906,50.439998626708984,51.720001220703125,25.68000030517578,47639900,52645842,1718886821.6311798,1.71888682163118,99396000.0,99.396,76994000.0,-16892000.0,-16513000.0,-12735000.0,4.323329967079108,,15.845071,1.53593,3.585086,,0.0,,-24.613252157470633,,Technology,Software - Application,United States,1322,2024-Q2
SPT,"Sprout Social, Inc.",2024-06-01 00:00:00-04:00,2024,2,6,35.68000030517578,33.0,36.97999954223633,31.81999969482422,15157300,52645842,1878403658.626236,1.878403658626236,99396000.0,99.396,76994000.0,-16892000.0,-16513000.0,-12735000.0,4.724545400786339,,15.845071,1.53593,3.585086,,0.0,,-22.703638598092134,,Technology,Software - Application,United States,1322,2024-Q2
SPT,"Sprout Social, Inc.",2024-07-01 00:00:00-04:00,2024,3,7,39.06999969482422,35.650001525878906,39.744998931884766,33.599998474121094,13325500,52645842,2056873030.873764,2.056873030873764,102638000.0,102.638,79406000.0,-17087000.0,-16879000.0,-12994000.0,5.01001829457356,,15.845071,1.53593,3.585086,,3.2617006720592423,,-31.624081007774397,,Technology,Software - Application,United States,1322,2024-Q3
SPT,"Sprout Social, Inc.",2024-08-01 00:00:00-04:00,2024,3,8,31.100000381469727,38.310001373291016,38.959999084472656,29.639999389648438,12884000,52645842,1637285706.282795,1.637285706282795,102638000.0,102.638,79406000.0,-17087000.0,-16879000.0,-12994000.0,3.988010547464864,,15.845071,1.53593,3.585086,,0.0,3.2617006720592423,-41.91258899950766,,Technology,Software - Application,United States,1322,2024-Q3
SPT,"Sprout Social, Inc.",2024-09-01 00:00:00-04:00,2024,3,9,29.06999969482422,30.670000076293945,30.729999542236328,25.05299949645996,11929400,52645842,1530414610.873764,1.530414610873764,102638000.0,102.638,79406000.0,-17087000.0,-16879000.0,-12994000.0,3.727699806294365,,15.845071,1.53593,3.585086,,0.0,3.2617006720592423,-41.7201301677465,,Technology,Software - Application,United States,1322,2024-Q3
SPT,"Sprout Social, Inc.",2024-10-01 00:00:00-04:00,2024,4,10,26.489999771118164,29.030000686645508,29.860000610351562,25.920000076293945,8019500,52645842,1394588342.530323,1.394588342530323,107090000.0,107.09,83677000.0,-14417000.0,-13677000.0,-10414000.0,3.2556455843923873,,15.845071,1.53593,3.585086,,4.33757477737291,7.740754155096785,-38.79389898737765,,Technology,Software - Application,United States,1322,2024-Q4
SPT,"Sprout Social, Inc.",2024-11-01 00:00:00-04:00,2024,4,11,32.02000045776367,26.700000762939453,33.7599983215332,25.510000228881836,12012700,52645842,1685719884.939354,1.685719884939354,107090000.0,107.09,83677000.0,-14417000.0,-13677000.0,-10414000.0,3.935287806843202,,15.845071,1.53593,3.585086,,0.0,4.33757477737291,-43.725835502481424,,Technology,Software - Application,United States,1322,2024-Q4
SPT,"Sprout Social, Inc.",2024-12-01 00:00:00-05:00,2024,4,12,30.709999084472656,32.099998474121094,36.29999923706055,30.170000076293945,11839700,52645842,1616753759.621292,1.6167537596212922,107090000.0,107.09,83677000.0,-14417000.0,-13677000.0,-10414000.0,3.7742874209106643,,15.845071,1.53593,3.585086,,0.0,4.33757477737291,-50.0162764145595,,Technology,Software - Application,United States,1322,2024-Q4
SPT,"Sprout Social, Inc.",2025-01-01 00:00:00-05:00,2025,1,1,32.66999816894531,31.170000076293945,35.18000030517578,29.479000091552734,10153300,52645842,1719939561.7425842,1.7199395617425843,109289000.0,109.289,84451000.0,-11220000.0,-11202000.0,-7616000.0,3.93438397675563,,15.845071,1.53593,3.585086,,2.0534130170884346,6.480056119565858,-46.73080516295903,62.0,Technology,Software - Application,United States,1322,2025-Q1
SPT,"Sprout Social, Inc.",2025-02-01 00:00:00-05:00,2025,1,2,26.520000457763672,32.02000045776367,34.375,25.96500015258789,12780100,52645842,1396167753.939354,1.396167753939354,109289000.0,109.289,84451000.0,-11220000.0,-11202000.0,-7616000.0,3.1937517818338397,,15.845071,1.53593,3.585086,,0.0,2.0534130170884346,-57.101260775347406,62.0,Technology,Software - Application,United States,1322,2025-Q1
SPT,"Sprout Social, Inc.",2025-03-01 00:00:00-05:00,2025,1,3,21.989999771118164,26.65999984741211,27.80900001525879,21.510000228881836,15285400,52645842,1157682053.530323,1.157682053530323,109289000.0,109.289,84451000.0,-11220000.0,-11202000.0,-7616000.0,2.6482126598521423,,15.845071,1.53593,3.585086,,0.0,2.0534130170884346,-63.171997808928836,62.0,Technology,Software - Application,United States,1322,2025-Q1
SPT,"Sprout Social, Inc.",2025-04-01 00:00:00-04:00,2025,2,4,20.90999984741211,21.93000030517578,22.780000686645508,18.520000457763672,16638700,52645842,1100824548.186882,1.100824548186882,111778000.0,111.778,86844000.0,-11985000.0,-12315000.0,-8575000.0,2.462077842211531,,15.845071,1.53593,3.585086,,2.277447867580462,4.377626295639181,-58.553023724089634,,Technology,Software - Application,United States,1322,2025-Q2
SPT,"Sprout Social, Inc.",2025-05-01 00:00:00-04:00,2025,2,5,21.829999923706055,21.475000381469727,25.479999542236328,20.34000015258789,17023000,52645842,1149258726.843441,1.149258726843441,111778000.0,111.778,86844000.0,-11985000.0,-12315000.0,-8575000.0,2.570404567185495,,15.845071,1.53593,3.585086,,0.0,2.277447867580462,-33.13936017306691,,Technology,Software - Application,United States,1322,2025-Q2
SPT,"Sprout Social, Inc.",2025-06-01 00:00:00-04:00,2025,2,6,20.90999984741211,21.780000686645508,22.59000015258789,19.31999969482422,12997800,52645842,1100824548.186882,1.100824548186882,111778000.0,111.778,86844000.0,-11985000.0,-12315000.0,-8575000.0,2.462077842211531,,15.845071,1.53593,3.585086,,0.0,2.277447867580462,-41.395740839220565,,Technology,Software - Application,United States,1322,2025-Q2
SPT,"Sprout Social, Inc.",2025-07-01 00:00:00-04:00,2025,3,7,17.149999618530273,20.81999969482422,21.6299991607666,17.1200008392334,12847200,52645842,902876170.217205,0.902876170217205,,,,,,,,,15.845071,1.53593,3.585086,,0.0,2.277447867580462,-56.10442858334035,,Technology,Software - Application,United States,1322,2025-Q3
SPT,"Sprout Social, Inc.",2025-08-01 00:00:00-04:00,2025,3,8,15.789999961853027,17.010000228881836,17.40999984741211,13.329999923706055,21231200,52645842,831277843.1717205,0.8312778431717205,,,,,,,,,15.845071,1.53593,3.585086,,0.0,0.0,-49.22829656535579,,Technology,Software - Application,United States,1322,2025-Q3
SPT,"Sprout Social, Inc.",2025-09-01 00:00:00-04:00,2025,3,9,12.920000076293945,15.59000015258789,15.704999923706055,12.770000457763672,26561800,52645842,680184282.656559,0.680184282656559,,,,,,,,,15.845071,1.53593,3.585086,,0.0,0.0,-55.55555482653034,,Technology,Software - Application,United States,1322,2025-Q3
SPT,"Sprout Social, Inc.",2025-10-01 00:00:00-04:00,2025,4,10,11.25,12.890000343322754,13.25,10.329999923706055,25044059,52645842,592265722.5,0.5922657225,,,,,,,,,15.845071,1.53593,3.585086,,0.0,0.0,-57.531143460915445,,Technology,Software - Application,United States,1322,2025-Q4
