ticker,company_name,date,year,quarter,month,close_price,open_price,high_price,low_price,volume,shares_outstanding,market_cap,market_cap_billions,revenue,revenue_millions,gross_profit,net_income,operating_income,ebitda,ps_ratio,current_pe,forward_pe,current_ps,current_pb,peg_ratio,revenue_qoq_pct,revenue_yoy_pct,market_cap_yoy_pct,sector,industry,country,employees,year_quarter
SSTK,"Shutterstock, Inc.",2015-01-01 00:00:00-05:00,2015,1,1,46.00238800048828,56.765425056442936,56.96973482395175,44.866426191942445,6092200,35474129,1631894646.2373734,1.6318946462373733,,,,,,,,13.657458,5.1180124,0.867805,1.4881704,,,,,Communication Services,Internet Content & Information,United States,1715,2015-Q1
SSTK,"Shutterstock, Inc.",2015-02-01 00:00:00-05:00,2015,1,2,46.21487045288086,46.36197374019136,50.30924008715679,44.506840610237646,9881400,35474129,1639432276.163784,1.639432276163784,,,,,,,,13.657458,5.1180124,0.867805,1.4881704,,,,,Communication Services,Internet Content & Information,United States,1715,2015-Q1
SSTK,"Shutterstock, Inc.",2015-03-01 00:00:00-05:00,2015,1,3,56.11981201171875,46.198529039010694,58.563361606369206,45.855290085829296,9331800,35474129,1990801450.7594604,1.9908014507594605,,,,,,,,13.657458,5.1180124,0.867805,1.4881704,,,,,Communication Services,Internet Content & Information,United States,1715,2015-Q1
SSTK,"Shutterstock, Inc.",2015-04-01 00:00:00-04:00,2015,2,4,55.15546798706055,56.68370742830358,60.72087078787232,54.27285445170207,5128600,35474129,1956592186.4283562,1.9565921864283562,,,,,,,,13.657458,5.1180124,0.867805,1.4881704,,,,,Communication Services,Internet Content & Information,United States,1715,2015-Q2
SSTK,"Shutterstock, Inc.",2015-05-01 00:00:00-04:00,2015,2,5,52.295135498046875,55.22085008528606,55.87464391077683,50.37462159132774,5053600,35474129,1855124382.730194,1.8551243827301942,,,,,,,,13.657458,5.1180124,0.867805,1.4881704,,,,,Communication Services,Internet Content & Information,United States,1715,2015-Q2
SSTK,"Shutterstock, Inc.",2015-06-01 00:00:00-04:00,2015,2,6,47.92289352416992,52.532120895243494,52.532120895243494,47.350825611851576,8403400,35474129,1700022906.9296684,1.7000229069296684,,,,,,,,13.657458,5.1180124,0.867805,1.4881704,,,,,Communication Services,Internet Content & Information,United States,1715,2015-Q2
SSTK,"Shutterstock, Inc.",2015-07-01 00:00:00-04:00,2015,3,7,43.66509246826172,48.47863105179211,48.67476983941955,39.11307018988773,12546200,35474129,1548981123.0160446,1.5489811230160446,,,,,,,,13.657458,5.1180124,0.867805,1.4881704,,,,,Communication Services,Internet Content & Information,United States,1715,2015-Q3
SSTK,"Shutterstock, Inc.",2015-08-01 00:00:00-04:00,2015,3,8,27.385683059692383,43.722295347059486,43.722295347059486,23.667245480782913,18915100,35474129,971483253.6126423,0.9714832536126423,,,,,,,,13.657458,5.1180124,0.867805,1.4881704,,,,,Communication Services,Internet Content & Information,United States,1715,2015-Q3
SSTK,"Shutterstock, Inc.",2015-09-01 00:00:00-04:00,2015,3,9,24.713314056396484,26.977065532266245,28.23561469101705,23.78983441503216,9488900,35474129,876683290.8541222,0.8766832908541221,,,,,,,,13.657458,5.1180124,0.867805,1.4881704,,,,,Communication Services,Internet Content & Information,United States,1715,2015-Q3
SSTK,"Shutterstock, Inc.",2015-10-01 00:00:00-04:00,2015,4,10,23.274967193603516,24.754170959785096,28.113023870922174,22.474073318536202,10588200,35474129,825659188.6966591,0.8256591886966591,,,,,,,,13.657458,5.1180124,0.867805,1.4881704,,,,,Communication Services,Internet Content & Information,United States,1715,2015-Q4
SSTK,"Shutterstock, Inc.",2015-11-01 00:00:00-04:00,2015,4,11,29.641265869140625,23.266799236026912,31.75791550120699,22.637526242819117,16160800,35474129,1051498089.1651917,1.0514980891651917,,,,,,,,13.657458,5.1180124,0.867805,1.4881704,,,,,Communication Services,Internet Content & Information,United States,1715,2015-Q4
SSTK,"Shutterstock, Inc.",2015-12-01 00:00:00-05:00,2015,4,12,26.42951774597168,29.82923293680849,30.401301041292452,24.8277279886727,7136600,35474129,937564121.9283886,0.9375641219283886,,,,,,,,13.657458,5.1180124,0.867805,1.4881704,,,,,Communication Services,Internet Content & Information,United States,1715,2015-Q4
SSTK,"Shutterstock, Inc.",2016-01-01 00:00:00-05:00,2016,1,1,23.61003875732422,25.83293026294953,27.11599549060297,22.637525282373137,7022700,35474129,837545560.572319,0.837545560572319,,,,,,,,13.657458,5.1180124,0.867805,1.4881704,,,,-48.676493148413044,Communication Services,Internet Content & Information,United States,1715,2016-Q1
SSTK,"Shutterstock, Inc.",2016-02-01 00:00:00-05:00,2016,1,2,28.52164649963379,23.536486003304763,29.682124552184977,20.790563623467154,9603700,35474129,1011780567.2204075,1.0117805672204074,,,,,,,,13.657458,5.1180124,0.867805,1.4881704,,,,-38.28469879902939,Communication Services,Internet Content & Information,United States,1715,2016-Q1
SSTK,"Shutterstock, Inc.",2016-03-01 00:00:00-05:00,2016,1,3,30.01719093322754,28.807677473002425,30.98970431284593,26.944373374482605,6233000,35474129,1064833703.3829441,1.064833703382944,,,,,,,,13.657458,5.1180124,0.867805,1.4881704,,,,-46.512310256920586,Communication Services,Internet Content & Information,United States,1715,2016-Q1
SSTK,"Shutterstock, Inc.",2016-04-01 00:00:00-04:00,2016,2,4,33.523155212402344,29.592233203400156,35.38645974944534,29.216303887596812,5150600,35474129,1189204732.4917831,1.1892047324917832,,,,,,,,13.657458,5.1180124,0.867805,1.4881704,,,,-39.22061323046545,Communication Services,Internet Content & Information,United States,1715,2016-Q2
SSTK,"Shutterstock, Inc.",2016-05-01 00:00:00-04:00,2016,2,5,34.29134750366211,33.809176371606675,38.58185223012303,31.57811428794932,5989600,35474129,1216455684.9287376,1.2164556849287376,,,,,,,,13.657458,5.1180124,0.867805,1.4881704,,,,-34.42727095535908,Communication Services,Internet Content & Information,United States,1715,2016-Q2
SSTK,"Shutterstock, Inc.",2016-06-01 00:00:00-04:00,2016,2,6,37.42955017089844,34.07069696980283,38.60637647056391,32.918389963060235,11040300,35474129,1327780691.1744232,1.3277806911744232,,,,,,,,13.657458,5.1180124,0.867805,1.4881704,,,,-21.896305881403354,Communication Services,Internet Content & Information,United States,1715,2016-Q2
SSTK,"Shutterstock, Inc.",2016-07-01 00:00:00-04:00,2016,3,7,45.021705627441406,37.266104596611015,47.236423011609574,36.783933365600234,10425800,35474129,1597105793.2278824,1.5971057932278825,,,,,,,,13.657458,5.1180124,0.867805,1.4881704,,,,3.1068596961422834,Communication Services,Internet Content & Information,United States,1715,2016-Q3
SSTK,"Shutterstock, Inc.",2016-08-01 00:00:00-04:00,2016,3,8,47.38352584838867,45.021705188464736,50.66882762667206,44.1554305615725,8364600,35474129,1680889308.4205742,1.6808893084205743,,,,,,,,13.657458,5.1180124,0.867805,1.4881704,,,,73.02298337823868,Communication Services,Internet Content & Information,United States,1715,2016-Q3
SSTK,"Shutterstock, Inc.",2016-09-01 00:00:00-04:00,2016,3,9,52.05813980102539,47.58784019586723,53.251311451332654,46.68887828596367,6261900,35474129,1846717166.801609,1.8467171668016091,,,,,,,,13.657458,5.1180124,0.867805,1.4881704,,,,110.64815379364839,Communication Services,Internet Content & Information,United States,1715,2016-Q3
SSTK,"Shutterstock, Inc.",2016-10-01 00:00:00-04:00,2016,4,10,48.20893859863281,52.13168587628555,52.96526706186381,47.71042222072429,4568300,35474129,1710170106.8009796,1.7101701068009796,,,,,,,,13.657458,5.1180124,0.867805,1.4881704,,,,107.12784768986361,Communication Services,Internet Content & Information,United States,1715,2016-Q4
SSTK,"Shutterstock, Inc.",2016-11-01 00:00:00-04:00,2016,4,11,38.45927429199219,48.17624697609498,48.576692400983944,38.13237739543316,9078500,35474129,1364309257.4805145,1.3643092574805145,,,,,,,,13.657458,5.1180124,0.867805,1.4881704,,,,29.74909527069809,Communication Services,Internet Content & Information,United States,1715,2016-Q4
SSTK,"Shutterstock, Inc.",2016-12-01 00:00:00-05:00,2016,4,12,38.835205078125,38.42658550001028,41.01723212884799,36.121971328844886,5955200,35474129,1377645074.6828613,1.3776450746828612,,,,,,,,13.657458,5.1180124,0.867805,1.4881704,,,,46.93875783656387,Communication Services,Internet Content & Information,United States,1715,2016-Q4
SSTK,"Shutterstock, Inc.",2017-01-01 00:00:00-05:00,2017,1,1,43.96747589111328,39.16210769653555,44.23716636986193,38.55735233043603,4962300,35474129,1559707911.5657425,1.5597079115657424,,,,,,,,13.657458,5.1180124,0.867805,1.4881704,,,,86.22364979165422,Communication Services,Internet Content & Information,United States,1715,2017-Q1
SSTK,"Shutterstock, Inc.",2017-02-01 00:00:00-05:00,2017,1,2,35.63980484008789,44.35157527897557,45.00536606737306,34.04618765007372,10199400,35474129,1264291034.4321022,1.2642910344321021,,,,,,,,13.657458,5.1180124,0.867805,1.4881704,,,,24.957038649733974,Communication Services,Internet Content & Information,United States,1715,2017-Q1
SSTK,"Shutterstock, Inc.",2017-03-01 00:00:00-05:00,2017,1,3,33.7928352355957,35.45183271366354,36.95555276890824,32.41170229126193,14309000,35474129,1198771396.4232674,1.1987713964232674,,,,,,,,13.657458,5.1180124,0.867805,1.4881704,,,,12.578273266032735,Communication Services,Internet Content & Information,United States,1715,2017-Q1
SSTK,"Shutterstock, Inc.",2017-04-01 00:00:00-04:00,2017,2,4,35.32925796508789,33.91543421411985,35.9013261536495,33.564021031897184,6196300,35474129,1253274654.5278053,1.2532746545278053,,,,,,,,13.657458,5.1180124,0.867805,1.4881704,,,,5.387627570382625,Communication Services,Internet Content & Information,United States,1715,2017-Q2
SSTK,"Shutterstock, Inc.",2017-05-01 00:00:00-04:00,2017,2,5,38.0506477355957,35.451827549977274,38.27130263258436,32.91021384311302,7692500,35474129,1349813586.3060799,1.3498135863060798,,,,,,,,13.657458,5.1180124,0.867805,1.4881704,,,,10.962824460403976,Communication Services,Internet Content & Information,United States,1715,2017-Q2
SSTK,"Shutterstock, Inc.",2017-06-01 00:00:00-04:00,2017,2,6,36.02391052246094,38.00979919094146,39.129419297754325,35.092255084104394,5072000,35474129,1277916848.9582367,1.2779168489582367,,,,,,,,13.657458,5.1180124,0.867805,1.4881704,,,,-3.7554275753236,Communication Services,Internet Content & Information,United States,1715,2017-Q2
SSTK,"Shutterstock, Inc.",2017-07-01 00:00:00-04:00,2017,3,7,34.438453674316406,36.285415705634044,37.38868719554388,34.20145359744049,3556600,35474129,1221674148.2032242,1.2216741482032243,,,,,,,,13.657458,5.1180124,0.867805,1.4881704,,,,-23.50699913659946,Communication Services,Internet Content & Information,United States,1715,2017-Q3
SSTK,"Shutterstock, Inc.",2017-08-01 00:00:00-04:00,2017,3,8,27.442888259887695,34.65910730945991,34.82255573977429,24.39458547821497,9062800,35474129,973512558.2638416,0.9735125582638416,,,,,,,,13.657458,5.1180124,0.867805,1.4881704,,,,-42.083482036149654,Communication Services,Internet Content & Information,United States,1715,2017-Q3
SSTK,"Shutterstock, Inc.",2017-09-01 00:00:00-04:00,2017,3,9,27.205890655517578,27.532784428229647,28.25195571622787,26.470374211255784,4057300,35474129,965105274.6737251,0.9651052746737251,,,,,,,,13.657458,5.1180124,0.867805,1.4881704,,,,-47.73941066756729,Communication Services,Internet Content & Information,United States,1715,2017-Q3
SSTK,"Shutterstock, Inc.",2017-10-01 00:00:00-04:00,2017,4,10,31.86415672302246,27.222237971557213,34.90428432629136,26.887170035369618,7344900,35474129,1130353206.068716,1.130353206068716,,,,,,,,13.657458,5.1180124,0.867805,1.4881704,,,,-33.90404840000747,Communication Services,Internet Content & Information,United States,1715,2017-Q4
SSTK,"Shutterstock, Inc.",2017-11-01 00:00:00-04:00,2017,4,11,34.724491119384766,32.28094481132512,35.19031716219724,29.706640370502665,7441100,35474129,1231821077.4284096,1.2318210774284095,,,,,,,,13.657458,5.1180124,0.867805,1.4881704,,,,-9.711007920357616,Communication Services,Internet Content & Information,United States,1715,2017-Q4
SSTK,"Shutterstock, Inc.",2017-12-01 00:00:00-05:00,2017,4,12,35.165794372558594,34.61007158419092,36.98823703065397,33.06549032027938,4159500,35474129,1247475925.9596176,1.2474759259596175,,,,,,,,13.657458,5.1180124,0.867805,1.4881704,,,,-9.448670859815556,Communication Services,Internet Content & Information,United States,1715,2017-Q4
SSTK,"Shutterstock, Inc.",2018-01-01 00:00:00-05:00,2018,1,1,36.17100143432617,35.25569450915763,39.52985465641906,35.21483317739042,4004700,35474129,1283134770.9404716,1.2831347709404717,,,,,,,,13.657458,5.1180124,0.867805,1.4881704,,,,-17.732367616679433,Communication Services,Internet Content & Information,United States,1715,2018-Q1
SSTK,"Shutterstock, Inc.",2018-02-01 00:00:00-05:00,2018,1,2,41.066261291503906,36.16282710744374,42.70891037145549,34.22597147764543,7445400,35474129,1456789850.6025162,1.456789850602516,,,,,,,,13.657458,5.1180124,0.867805,1.4881704,,,,15.225830993643097,Communication Services,Internet Content & Information,United States,1715,2018-Q1
SSTK,"Shutterstock, Inc.",2018-03-01 00:00:00-05:00,2018,1,3,39.35007095336914,40.861962311901365,43.133886418836575,38.09969278671114,7047400,35474129,1395909493.1589699,1.39590949315897,,,,,,,,13.657458,5.1180124,0.867805,1.4881704,,,,16.44501172816575,Communication Services,Internet Content & Information,United States,1715,2018-Q1
SSTK,"Shutterstock, Inc.",2018-04-01 00:00:00-04:00,2018,2,4,34.438453674316406,39.137578294521376,42.61901845460596,34.16059226772524,4997100,35474129,1221674148.2032242,1.2216741482032243,,,,,,,,13.657458,5.1180124,0.867805,1.4881704,,,,-2.5214350430223353,Communication Services,Internet Content & Information,United States,1715,2018-Q2
SSTK,"Shutterstock, Inc.",2018-05-01 00:00:00-04:00,2018,2,5,38.72896957397461,34.340395446019045,38.87607289603082,33.62122399569097,4925700,35474129,1373876462.7042503,1.3738764627042503,,,,,,,,13.657458,5.1180124,0.867805,1.4881704,,,,1.7826814489266818,Communication Services,Internet Content & Information,United States,1715,2018-Q2
SSTK,"Shutterstock, Inc.",2018-06-01 00:00:00-04:00,2018,2,6,38.78616714477539,39.064028564958974,40.84561006186786,37.60116981994777,3590500,35474129,1375905496.709324,1.3759054967093238,,,,,,,,13.657458,5.1180124,0.867805,1.4881704,,,,7.6678422254912615,Communication Services,Internet Content & Information,United States,1715,2018-Q2
SSTK,"Shutterstock, Inc.",2018-07-01 00:00:00-04:00,2018,3,7,37.65020751953125,38.737137089148575,42.185884193999414,37.290623414611815,4546700,35474129,1335608318.4246216,1.3356083184246217,,,,,,,,13.657458,5.1180124,0.867805,1.4881704,,,,9.326068689344535,Communication Services,Internet Content & Information,United States,1715,2018-Q3
SSTK,"Shutterstock, Inc.",2018-08-01 00:00:00-04:00,2018,3,8,44.98085021972656,38.287658595666066,45.28322787706181,37.73193564203779,5864800,35474129,1595656483.2242584,1.5956564832242583,,,,,,,,13.657458,5.1180124,0.867805,1.4881704,,,,63.90712884792629,Communication Services,Internet Content & Information,United States,1715,2018-Q3
SSTK,"Shutterstock, Inc.",2018-09-01 00:00:00-04:00,2018,3,9,47.29304122924805,47.63963535918366,48.315496722146484,42.96058981456713,4330300,35474129,1677679445.3686638,1.6776794453686639,,,,,,,,13.657458,5.1180124,0.867805,1.4881704,,,,73.83382822519957,Communication Services,Internet Content & Information,United States,1715,2018-Q3
SSTK,"Shutterstock, Inc.",2018-10-01 00:00:00-04:00,2018,4,10,35.422119140625,47.65695943814214,48.12486492410298,32.1467840442968,7312500,35474129,1256568823.8479004,1.2565688238479005,,,,,,,,13.657458,5.1180124,0.867805,1.4881704,,,,11.166033510724738,Communication Services,Internet Content & Information,United States,1715,2018-Q4
SSTK,"Shutterstock, Inc.",2018-11-01 00:00:00-04:00,2018,4,11,33.10858154296875,35.52608939510141,36.149963242205835,31.366938126998203,5587100,35474129,1174498092.6622925,1.1744980926622925,,,,,,,,13.657458,5.1180124,0.867805,1.4881704,,,,-4.653515499652472,Communication Services,Internet Content & Information,United States,1715,2018-Q4
SSTK,"Shutterstock, Inc.",2018-12-01 00:00:00-05:00,2018,4,12,31.202308654785156,33.671807550301025,34.26968456017241,27.528392292454882,4844800,35474129,1106874722.317665,1.1068747223176651,,,,,,,,13.657458,5.1180124,0.867805,1.4881704,,,,-11.270855069511299,Communication Services,Internet Content & Information,United States,1715,2018-Q4
SSTK,"Shutterstock, Inc.",2019-01-01 00:00:00-05:00,2019,1,1,34.66826629638672,30.6304226965719,36.12396988052056,29.374014737575468,3682200,35474129,1229826550.8043747,1.2298265508043746,,,,,,,,13.657458,5.1180124,0.867805,1.4881704,,,,-4.154530088606734,Communication Services,Internet Content & Information,United States,1715,2019-Q1
SSTK,"Shutterstock, Inc.",2019-02-01 00:00:00-05:00,2019,1,2,40.144493103027344,34.66827192297482,43.402494845324014,33.602489359009205,4713200,35474129,1424090926.9764023,1.4240909269764024,,,,,,,,13.657458,5.1180124,0.867805,1.4881704,,,,-2.244587550674515,Communication Services,Internet Content & Information,United States,1715,2019-Q1
SSTK,"Shutterstock, Inc.",2019-03-01 00:00:00-05:00,2019,1,3,40.4044303894043,40.41309383519339,41.71282885976641,38.76676478730583,5263500,35474129,1433311975.8052483,1.4333119758052482,,,,,,,,13.657458,5.1180124,0.867805,1.4881704,,,,2.6794346502820865,Communication Services,Internet Content & Information,United States,1715,2019-Q1
SSTK,"Shutterstock, Inc.",2019-04-01 00:00:00-04:00,2019,2,4,35.04952621459961,40.725035871828055,41.886132771453525,32.8399770571012,4442200,35474129,1243351414.3255882,1.2433514143255882,,,,,,,,13.657458,5.1180124,0.867805,1.4881704,,,,1.7743901804131434,Communication Services,Internet Content & Information,United States,1715,2019-Q2
SSTK,"Shutterstock, Inc.",2019-05-01 00:00:00-04:00,2019,2,5,32.97861862182617,35.25748549695424,35.65607350613138,32.441392311099804,4204600,35474129,1169887771.2324638,1.1698877712324638,,,,,,,,13.657458,5.1180124,0.867805,1.4881704,,,,-14.847673499716873,Communication Services,Internet Content & Information,United States,1715,2019-Q2
SSTK,"Shutterstock, Inc.",2019-06-01 00:00:00-04:00,2019,2,6,33.9577522277832,32.94396020634313,35.14484626835581,32.268098858716414,3020100,35474129,1204621683.0784187,1.2046216830784187,,,,,,,,13.657458,5.1180124,0.867805,1.4881704,,,,-12.448806552525227,Communication Services,Internet Content & Information,United States,1715,2019-Q2
SSTK,"Shutterstock, Inc.",2019-07-01 00:00:00-04:00,2019,3,7,33.24722671508789,34.44298406864268,34.936883198402725,31.97348841984246,3628100,35474129,1179416409.383274,1.1794164093832742,,,,,,,,13.657458,5.1180124,0.867805,1.4881704,,,,-11.694439671173896,Communication Services,Internet Content & Information,United States,1715,2019-Q3
SSTK,"Shutterstock, Inc.",2019-08-01 00:00:00-04:00,2019,3,8,30.422481536865234,33.299229690165156,34.148389971040544,28.819472152178943,5580400,35474129,1079211034.5388756,1.0792110345388757,,,,,,,,13.657458,5.1180124,0.867805,1.4881704,,,,-32.36570365332197,Communication Services,Internet Content & Information,United States,1715,2019-Q3
SSTK,"Shutterstock, Inc.",2019-09-01 00:00:00-04:00,2019,3,9,31.297626495361328,30.223180450429517,33.21257243493134,29.24404555521748,3396300,35474129,1110256039.6902657,1.1102560396902657,,,,,,,,13.657458,5.1180124,0.867805,1.4881704,,,,-33.821920346273835,Communication Services,Internet Content & Information,United States,1715,2019-Q3
SSTK,"Shutterstock, Inc.",2019-10-01 00:00:00-04:00,2019,4,10,35.16217041015625,31.488250872688276,35.90734913160824,29.400009830315884,4903600,35474129,1247347369.0498657,1.2473473690498658,,,,,,,,13.657458,5.1180124,0.867805,1.4881704,,,,-0.7338599066779694,Communication Services,Internet Content & Information,United States,1715,2019-Q4
SSTK,"Shutterstock, Inc.",2019-11-01 00:00:00-04:00,2019,4,11,36.02865982055664,35.335465098625136,39.84121426419289,34.90222005011665,6193100,35474129,1278085326.1715431,1.278085326171543,,,,,,,,13.657458,5.1180124,0.867805,1.4881704,,,,8.81970214821246,Communication Services,Internet Content & Information,United States,1715,2019-Q4
SSTK,"Shutterstock, Inc.",2019-12-01 00:00:00-05:00,2019,4,12,37.15509796142578,36.149969535767134,38.23821063154922,35.53475902703488,3462500,35474129,1318044738.0912552,1.3180447380912552,,,,,,,,13.657458,5.1180124,0.867805,1.4881704,,,,19.078041219644536,Communication Services,Internet Content & Information,United States,1715,2019-Q4
SSTK,"Shutterstock, Inc.",2020-01-01 00:00:00-05:00,2020,1,1,37.545021057128906,37.354392159948176,39.26933466298065,36.44457813272712,2534200,35474129,1331876920.2883072,1.3318769202883072,,,,,,,,13.657458,5.1180124,0.867805,1.4881704,,,,8.297948147011947,Communication Services,Internet Content & Information,United States,1715,2020-Q1
SSTK,"Shutterstock, Inc.",2020-02-01 00:00:00-05:00,2020,1,2,33.394527435302734,37.71831094867096,39.070036621269175,32.597354867750795,3919500,35474129,1184641774.1339684,1.1846417741339683,,,,,,,,13.657458,5.1180124,0.867805,1.4881704,,,,-16.814175858196567,Communication Services,Internet Content & Information,United States,1715,2020-Q1
SSTK,"Shutterstock, Inc.",2020-03-01 00:00:00-05:00,2020,1,3,27.86631965637207,33.62847976566123,34.20902650799949,24.920253840108337,7928700,35474129,988533418.2453785,0.9885334182453785,,,,,,,,13.657458,5.1180124,0.867805,1.4881704,,,,-31.031524543705082,Communication Services,Internet Content & Information,United States,1715,2020-Q1
SSTK,"Shutterstock, Inc.",2020-04-01 00:00:00-04:00,2020,2,4,33.07593536376953,27.313758525175217,34.694915889152696,25.337907858612628,5528300,35474129,1173339997.8900223,1.1733399978900223,,,,,,,,13.657458,5.1180124,0.867805,1.4881704,,,,-5.630863135627761,Communication Services,Internet Content & Information,United States,1715,2020-Q2
SSTK,"Shutterstock, Inc.",2020-05-01 00:00:00-04:00,2020,2,5,33.00631332397461,32.22293758872869,33.36318858739806,30.029479553342384,4721800,35474129,1170870216.669094,1.170870216669094,,,,,,,,13.657458,5.1180124,0.867805,1.4881704,,,,0.0839777507542605,Communication Services,Internet Content & Information,United States,1715,2020-Q2
SSTK,"Shutterstock, Inc.",2020-06-01 00:00:00-04:00,2020,2,6,30.438560485839844,32.95407144252163,34.0595042249431,29.11552290342327,4530400,35474129,1079781421.2489853,1.0797814212489854,,,,,,,,13.657458,5.1180124,0.867805,1.4881704,,,,-10.363441367783066,Communication Services,Internet Content & Information,United States,1715,2020-Q2
SSTK,"Shutterstock, Inc.",2020-07-01 00:00:00-04:00,2020,3,7,47.51738357543945,30.570623511762832,47.93711714740178,30.37824770945463,6218300,35474129,1685637794.6976204,1.6856377946976204,,,,,,,,13.657458,5.1180124,0.867805,1.4881704,,,,42.92134493694668,Communication Services,Internet Content & Information,United States,1715,2020-Q3
SSTK,"Shutterstock, Inc.",2020-08-01 00:00:00-04:00,2020,3,8,44.00210952758789,47.49114951041631,51.98580009640009,40.52181587020844,9750700,35474129,1560936509.653782,1.560936509653782,,,,,,,,13.657458,5.1180124,0.867805,1.4881704,,,,44.63681890731757,Communication Services,Internet Content & Information,United States,1715,2020-Q3
SSTK,"Shutterstock, Inc.",2020-09-01 00:00:00-04:00,2020,3,9,45.506160736083984,44.59673629344258,47.64855363693779,39.96217416931246,7561900,35474129,1614291416.2465782,1.6142914162465782,,,,,,,,13.657458,5.1180124,0.867805,1.4881704,,,,45.398120662052534,Communication Services,Internet Content & Information,United States,1715,2020-Q3
SSTK,"Shutterstock, Inc.",2020-10-01 00:00:00-04:00,2020,4,10,57.4210319519043,45.87541563538974,62.67622389770459,45.10336717387623,7661600,35474129,2036961094.7749748,2.036961094774975,,,,,,,,13.657458,5.1180124,0.867805,1.4881704,,,,63.303434577857544,Communication Services,Internet Content & Information,United States,1715,2020-Q4
SSTK,"Shutterstock, Inc.",2020-11-01 00:00:00-04:00,2020,4,11,60.32499313354492,57.693012712106324,63.141211381267546,55.5435613652509,5702400,35474129,2139976588.3434868,2.1399765883434867,,,,,,,,13.657458,5.1180124,0.867805,1.4881704,,,,67.43612844329469,Communication Services,Internet Content & Information,United States,1715,2020-Q4
SSTK,"Shutterstock, Inc.",2020-12-01 00:00:00-05:00,2020,4,12,62.904327392578125,61.45674356164529,65.15028849893855,57.75442348238765,7882600,35474129,2231476224.58255,2.23147622458255,,,,,,,,13.657458,5.1180124,0.867805,1.4881704,,,,69.30200926366834,Communication Services,Internet Content & Information,United States,1715,2020-Q4
SSTK,"Shutterstock, Inc.",2021-01-01 00:00:00-05:00,2021,1,1,57.15541076660156,63.971143156217465,67.77916041131625,57.14662110415512,5732700,35474129,2027538414.5824127,2.0275384145824127,,,,,,,,13.657458,5.1180124,0.867805,1.4881704,,,,52.23166523101233,Communication Services,Internet Content & Information,United States,1715,2021-Q1
SSTK,"Shutterstock, Inc.",2021-02-01 00:00:00-05:00,2021,1,2,77.59381866455078,57.43683457703886,84.86686179572403,54.710542949368495,7679500,35474129,2752573132.908882,2.752573132908882,,,,,,,,13.657458,5.1180124,0.867805,1.4881704,,,,132.35489352223365,Communication Services,Internet Content & Information,United States,1715,2021-Q1
SSTK,"Shutterstock, Inc.",2021-03-01 00:00:00-05:00,2021,1,3,78.30615234375,78.68431574288225,83.80270947668114,69.60840087337291,6816200,35474129,2777842549.73584,2.7778425497358397,,,,,,,,13.657458,5.1180124,0.867805,1.4881704,,,,181.0064382716003,Communication Services,Internet Content & Information,United States,1715,2021-Q1
SSTK,"Shutterstock, Inc.",2021-04-01 00:00:00-04:00,2021,2,4,76.85772705078125,78.87658762310899,92.18871835411005,76.12599897141048,6392200,35474129,2726460924.0462036,2.7264609240462034,,,,,,,,13.657458,5.1180124,0.867805,1.4881704,,,,132.3675089018619,Communication Services,Internet Content & Information,United States,1715,2021-Q2
SSTK,"Shutterstock, Inc.",2021-05-01 00:00:00-04:00,2021,2,5,80.00504302978516,77.80986522003359,80.86019442814656,68.21807173448332,6135000,35474129,2838109217.0891495,2.8381092170891495,,,,,,,,13.657458,5.1180124,0.867805,1.4881704,,,,142.3931514086196,Communication Services,Internet Content & Information,United States,1715,2021-Q2
SSTK,"Shutterstock, Inc.",2021-06-01 00:00:00-04:00,2021,2,6,86.5464859008789,80.55162271533824,91.96831568877265,76.6108780393658,4590300,35474129,3070161205.3444595,3.0701612053444594,,,,,,,,13.657458,5.1180124,0.867805,1.4881704,,,,184.3317309343217,Communication Services,Internet Content & Information,United States,1715,2021-Q2
SSTK,"Shutterstock, Inc.",2021-07-01 00:00:00-04:00,2021,3,7,95.86053466796875,86.9186214789853,96.27582242903752,85.16027513993899,6087800,35474129,3400568972.8204956,3.4005689728204955,,,,,,,,13.657458,5.1180124,0.867805,1.4881704,,,,101.73782194000398,Communication Services,Internet Content & Information,United States,1715,2021-Q3
SSTK,"Shutterstock, Inc.",2021-08-01 00:00:00-04:00,2021,3,8,101.8424301147461,96.22280573781863,104.59922239993934,86.56518148306324,3954600,35474129,3612771503.5639877,3.612771503563988,,,,,,,,13.657458,5.1180124,0.867805,1.4881704,,,,131.4489718973455,Communication Services,Internet Content & Information,United States,1715,2021-Q3
SSTK,"Shutterstock, Inc.",2021-09-01 00:00:00-04:00,2021,3,9,100.12825775146484,102.18702076355021,106.37522875086974,95.53359982574474,4711400,35474129,3551962732.020714,3.551962732020714,,,,,,,,13.657458,5.1180124,0.867805,1.4881704,,,,120.03231239867796,Communication Services,Internet Content & Information,United States,1715,2021-Q3
SSTK,"Shutterstock, Inc.",2021-10-01 00:00:00-04:00,2021,4,10,107.2421646118164,100.55889048966651,113.6244667078085,98.54063212132579,4368300,35474129,3804322381.67881,3.8043223816788103,,,,,,,,13.657458,5.1180124,0.867805,1.4881704,,,,86.76460691553254,Communication Services,Internet Content & Information,United States,1715,2021-Q4
SSTK,"Shutterstock, Inc.",2021-11-01 00:00:00-04:00,2021,4,11,100.92182922363281,107.61395068879872,111.03082916526377,95.55750331172118,4458200,35474129,3580113988.7951202,3.5801139887951203,,,,,,,,13.657458,5.1180124,0.867805,1.4881704,,,,67.29687643762566,Communication Services,Internet Content & Information,United States,1715,2021-Q4
SSTK,"Shutterstock, Inc.",2021-12-01 00:00:00-05:00,2021,4,12,98.15113067626953,102.24076365369567,102.85155479250336,90.42332608858906,5237100,35474129,3481825871.1058426,3.4818258711058427,,,,,,,,13.657458,5.1180124,0.867805,1.4881704,,,,56.03239831771902,Communication Services,Internet Content & Information,United States,1715,2021-Q4
SSTK,"Shutterstock, Inc.",2022-01-01 00:00:00-05:00,2022,1,1,85.99638366699219,98.5805734042838,99.0239908663052,74.24582092342513,5368800,35474129,3050646807.736374,3.0506468077363738,,,,,,,,13.657458,5.1180124,0.867805,1.4881704,,,,50.46061696269653,Communication Services,Internet Content & Information,United States,1715,2022-Q1
SSTK,"Shutterstock, Inc.",2022-02-01 00:00:00-05:00,2022,1,2,80.2851791381836,86.32452390008064,86.37773860605455,73.09294605972966,6009300,35474129,2848046801.5360336,2.8480468015360336,,,,,,,,13.657458,5.1180124,0.867805,1.4881704,,,,3.4685243231396434,Communication Services,Internet Content & Information,United States,1715,2022-Q1
SSTK,"Shutterstock, Inc.",2022-03-01 00:00:00-05:00,2022,1,3,82.54660034179688,80.99463914974253,87.56608273605688,75.1149189890249,6495500,35474129,2928268749.0363464,2.9282687490363464,,,,,,,,13.657458,5.1180124,0.867805,1.4881704,,,,5.415216903305464,Communication Services,Internet Content & Information,United States,1715,2022-Q1
SSTK,"Shutterstock, Inc.",2022-04-01 00:00:00-04:00,2022,2,4,67.33324432373047,83.49962549937156,84.80680919924085,65.27910238642835,6798100,35474129,2388588195.1285324,2.3885881951285324,,,,,,,,13.657458,5.1180124,0.867805,1.4881704,,,,-12.39235545016546,Communication Services,Internet Content & Information,United States,1715,2022-Q2
SSTK,"Shutterstock, Inc.",2022-05-01 00:00:00-04:00,2022,2,5,53.53224563598633,66.89752438306785,68.64043386988784,49.014905064477645,8640400,35474129,1899009787.350666,1.899009787350666,,,,,,,,13.657458,5.1180124,0.867805,1.4881704,,,,-33.08891088770897,Communication Services,Internet Content & Information,United States,1715,2022-Q2
SSTK,"Shutterstock, Inc.",2022-06-01 00:00:00-04:00,2022,2,6,50.96234130859375,53.71009281175774,54.72382578322348,45.95591958244191,9144800,35474129,1807844669.7230835,1.8078446697230834,,,,,,,,13.657458,5.1180124,0.867805,1.4881704,,,,-41.115643485559225,Communication Services,Internet Content & Information,United States,1715,2022-Q2
SSTK,"Shutterstock, Inc.",2022-07-01 00:00:00-04:00,2022,3,7,50.44315719604492,50.987765278835134,56.344560733282385,44.675674907472164,6828900,35474129,1789427065.5397758,1.789427065539776,,,,,,,,13.657458,5.1180124,0.867805,1.4881704,,,,-47.378598115726746,Communication Services,Internet Content & Information,United States,1715,2022-Q3
SSTK,"Shutterstock, Inc.",2022-08-01 00:00:00-04:00,2022,3,8,49.470001220703125,50.12174419751222,58.139083635389355,49.139666485774356,6504300,35474129,1754905204.9333801,1.7549052049333802,,,,,,,,13.657458,5.1180124,0.867805,1.4881704,,,,-51.424959945510764,Communication Services,Internet Content & Information,United States,1715,2022-Q3
SSTK,"Shutterstock, Inc.",2022-09-01 00:00:00-04:00,2022,3,9,44.9856071472168,49.29855990890098,53.252845894459696,43.61371305646169,7515300,35474129,1595825231.0836906,1.5958252310836907,,,,,,,,13.657458,5.1180124,0.867805,1.4881704,,,,-55.07201647423186,Communication Services,Internet Content & Information,United States,1715,2022-Q3
SSTK,"Shutterstock, Inc.",2022-10-01 00:00:00-04:00,2022,4,10,44.860076904296875,45.4070422242993,48.41983233936182,40.99545914188635,7945300,35474129,1591372155.052948,1.591372155052948,,,,,,,,13.657458,5.1180124,0.867805,1.4881704,,,,-58.169366436534986,Communication Services,Internet Content & Information,United States,1715,2022-Q4
SSTK,"Shutterstock, Inc.",2022-11-01 00:00:00-04:00,2022,4,11,48.258426666259766,45.84640321409577,50.46421793512346,40.00015710225814,5174600,35474129,1711925652.8959389,1.7119256528959388,,,,,,,,13.657458,5.1180124,0.867805,1.4881704,,,,-52.18237021910903,Communication Services,Internet Content & Information,United States,1715,2022-Q4
SSTK,"Shutterstock, Inc.",2022-12-01 00:00:00-05:00,2022,4,12,47.49600601196289,48.595114562580264,49.568099620868935,44.1175913985179,6262700,35474129,1684879444.2531471,1.6848794442531472,,,,,,,,13.657458,5.1180124,0.867805,1.4881704,,,,-51.60931342847359,Communication Services,Internet Content & Information,United States,1715,2022-Q4
SSTK,"Shutterstock, Inc.",2023-01-01 00:00:00-05:00,2023,1,1,67.81153106689453,48.73925721882901,70.84760196017547,47.441947321574524,6733000,35474129,2405555000.754524,2.405555000754524,,,,,,,,13.657458,5.1180124,0.867805,1.4881704,,,,-21.14606664219243,Communication Services,Internet Content & Information,United States,1715,2023-Q1
SSTK,"Shutterstock, Inc.",2023-02-01 00:00:00-05:00,2023,1,2,67.76651000976562,67.49623402625087,73.18098572518849,64.74846026973526,9829800,35474129,2403957917.966217,2.403957917966217,,,,,,,,13.657458,5.1180124,0.867805,1.4881704,,,,-15.59275231468481,Communication Services,Internet Content & Information,United States,1715,2023-Q1
SSTK,"Shutterstock, Inc.",2023-03-01 00:00:00-05:00,2023,1,3,65.40609741210938,67.84756391116072,70.44219041077051,60.71235478403634,10599300,35474129,2320224336.983734,2.3202243369837343,,,,,,,,13.657458,5.1180124,0.867805,1.4881704,,,,-20.764638227031295,Communication Services,Internet Content & Information,United States,1715,2023-Q1
SSTK,"Shutterstock, Inc.",2023-04-01 00:00:00-04:00,2023,2,4,60.57844924926758,65.1534761941137,68.67968581362894,58.779180822453945,8445000,35474129,2148967723.288471,2.148967723288471,,,,,,,,13.657458,5.1180124,0.867805,1.4881704,,,,-10.031887134365036,Communication Services,Internet Content & Information,United States,1715,2023-Q2
SSTK,"Shutterstock, Inc.",2023-05-01 00:00:00-04:00,2023,2,5,44.99985122680664,60.262007742520154,61.01245898969534,42.196965140478994,19779200,35474129,1596330527.400547,1.596330527400547,,,,,,,,13.657458,5.1180124,0.867805,1.4881704,,,,-15.938794100286913,Communication Services,Internet Content & Information,United States,1715,2023-Q2
SSTK,"Shutterstock, Inc.",2023-06-01 00:00:00-04:00,2023,2,6,44.258338928222656,45.46778363807543,49.096114298717154,42.421443521891014,15322300,35474129,1570026024.4654922,1.5700260244654922,,,,,,,,13.657458,5.1180124,0.867805,1.4881704,,,,-13.154816298129147,Communication Services,Internet Content & Information,United States,1715,2023-Q2
SSTK,"Shutterstock, Inc.",2023-07-01 00:00:00-04:00,2023,3,7,46.786354064941406,44.558431782055266,53.12456128813761,43.85822743778151,15026900,35474129,1659705159.5394058,1.659705159539406,,,,,,,,13.657458,5.1180124,0.867805,1.4881704,,,,-7.249354192663882,Communication Services,Internet Content & Information,United States,1715,2023-Q3
SSTK,"Shutterstock, Inc.",2023-08-01 00:00:00-04:00,2023,3,8,38.292964935302734,47.395612980258676,47.732077050443195,36.928931533013156,14573200,35474129,1358409577.9074059,1.358409577907406,,,,,,,,13.657458,5.1180124,0.867805,1.4881704,,,,-22.59356379543168,Communication Services,Internet Content & Information,United States,1715,2023-Q3
SSTK,"Shutterstock, Inc.",2023-09-01 00:00:00-04:00,2023,3,9,34.823951721191406,38.951575894744295,38.951575894744295,33.130804314125974,9813300,35474129,1235349355.647316,1.235349355647316,,,,,,,,13.657458,5.1180124,0.867805,1.4881704,,,,-22.58868129259889,Communication Services,Internet Content & Information,United States,1715,2023-Q3
SSTK,"Shutterstock, Inc.",2023-10-01 00:00:00-04:00,2023,4,10,37.2309684753418,34.73243046815878,38.4573574395426,30.934284577708542,10364400,35474129,1320736178.4892082,1.3207361784892082,,,,,,,,13.657458,5.1180124,0.867805,1.4881704,,,,-17.006454191397815,Communication Services,Internet Content & Information,United States,1715,2023-Q4
SSTK,"Shutterstock, Inc.",2023-11-01 00:00:00-04:00,2023,4,11,40.18711471557617,37.258424253333814,42.44769824436112,33.89043074544565,10420700,35474129,1425602891.5581474,1.4256028915581473,,,,,,,,13.657458,5.1180124,0.867805,1.4881704,,,,-16.72518668398013,Communication Services,Internet Content & Information,United States,1715,2023-Q4
SSTK,"Shutterstock, Inc.",2023-12-01 00:00:00-05:00,2023,4,12,44.45362091064453,40.356303545435516,46.94884552937643,39.68415579661371,10462200,35474129,1576953482.7013016,1.5769534827013016,,,,,,,,13.657458,5.1180124,0.867805,1.4881704,,,,-6.405559870764854,Communication Services,Internet Content & Information,United States,1715,2023-Q4
SSTK,"Shutterstock, Inc.",2024-01-01 00:00:00-05:00,2024,1,1,43.2474479675293,43.8367249439768,47.5197095591415,41.70059414817069,9747400,35474129,1534165548.120922,1.534165548120922,,,,,,,,13.657458,5.1180124,0.867805,1.4881704,,,,-36.22405026533515,Communication Services,Internet Content & Information,United States,1715,2024-Q1
SSTK,"Shutterstock, Inc.",2024-02-01 00:00:00-05:00,2024,1,2,44.89558029174805,43.670989750593925,45.47565134406725,33.88345728785842,11519300,35474129,1592631606.7993279,1.5926316067993278,,,,,,,,13.657458,5.1180124,0.867805,1.4881704,,,,-33.74960539464363,Communication Services,Internet Content & Information,United States,1715,2024-Q1
SSTK,"Shutterstock, Inc.",2024-03-01 00:00:00-05:00,2024,1,3,42.448490142822266,45.41367317802114,50.417425735779,42.40215628589097,11693300,35474129,1505823215.1817055,1.5058232151817055,,,,,,,,13.657458,5.1180124,0.867805,1.4881704,,,,-35.100102555632226,Communication Services,Internet Content & Information,United States,1715,2024-Q1
SSTK,"Shutterstock, Inc.",2024-04-01 00:00:00-04:00,2024,2,4,39.57597351074219,42.6894199636056,43.050801509959776,37.157492657722294,7961400,35474129,1403923189.6206512,1.4039231896206512,220053000.0,220.053,128799000.0,3625000.0,20666000.0,40831000.0,1.5949830150243933,13.657458,5.1180124,0.867805,1.4881704,,,,-34.66988012866526,Communication Services,Internet Content & Information,United States,1715,2024-Q2
SSTK,"Shutterstock, Inc.",2024-05-01 00:00:00-04:00,2024,2,5,37.64860153198242,39.7612956810977,41.47554263054262,33.7382608909281,11966100,35474129,1335551347.415142,1.3355513474151421,220053000.0,220.053,128799000.0,3625000.0,20666000.0,40831000.0,1.517306452780855,13.657458,5.1180124,0.867805,1.4881704,,0.0,,-16.33616444146162,Communication Services,Internet Content & Information,United States,1715,2024-Q2
SSTK,"Shutterstock, Inc.",2024-06-01 00:00:00-04:00,2024,2,6,36.14558410644531,38.25640988941615,38.61132876014785,34.819310201556284,8285000,35474129,1282233113.3723907,1.2822331133723908,220053000.0,220.053,128799000.0,3625000.0,20666000.0,40831000.0,1.4567321433613616,13.657458,5.1180124,0.867805,1.4881704,,0.0,,-18.330454821032617,Communication Services,Internet Content & Information,United States,1715,2024-Q2
SSTK,"Shutterstock, Inc.",2024-07-01 00:00:00-04:00,2024,3,7,41.301231384277344,36.033503809227106,43.05713820069029,32.12006519420992,8923400,35474129,1465125209.984703,1.465125209984703,250588000.0,250.588,146183000.0,17615000.0,18149000.0,43621000.0,1.461687321404759,13.657458,5.1180124,0.867805,1.4881704,,13.876202551203566,,-11.723766021713267,Communication Services,Internet Content & Information,United States,1715,2024-Q3
SSTK,"Shutterstock, Inc.",2024-08-01 00:00:00-04:00,2024,3,8,33.511722564697266,41.51605488361979,41.51605488361979,30.560300183468136,13897700,35474129,1188799169.2722816,1.1887991692722817,250588000.0,250.588,146183000.0,17615000.0,18149000.0,43621000.0,1.1860096745178157,13.657458,5.1180124,0.867805,1.4881704,,0.0,13.876202551203566,-12.485955001613325,Communication Services,Internet Content & Information,United States,1715,2024-Q3
SSTK,"Shutterstock, Inc.",2024-09-01 00:00:00-04:00,2024,3,9,33.32617950439453,33.17542508549278,34.673548695821516,30.508955627242727,11395500,35474129,1182217190.8160477,1.1822171908160477,250588000.0,250.588,146183000.0,17615000.0,18149000.0,43621000.0,1.1794431405494754,13.657458,5.1180124,0.867805,1.4881704,,0.0,13.876202551203566,-4.300982923444141,Communication Services,Internet Content & Information,United States,1715,2024-Q3
SSTK,"Shutterstock, Inc.",2024-10-01 00:00:00-04:00,2024,4,10,30.235713958740234,33.42040529528817,33.42040529528817,27.277156061433004,14087800,35474129,1072585617.3794518,1.0725856173794517,250306000.0,250.306,137872000.0,-1429000.0,13147000.0,36345000.0,1.0712743775413411,13.657458,5.1180124,0.867805,1.4881704,,-0.11253531693456997,13.748051605749524,-18.78880620909592,Communication Services,Internet Content & Information,United States,1715,2024-Q4
SSTK,"Shutterstock, Inc.",2024-11-01 00:00:00-04:00,2024,4,11,29.849407196044922,30.66913422028077,33.11889830746446,27.182935628060847,7634900,35474129,1058881721.4460258,1.0588817214460258,250306000.0,250.306,137872000.0,-1429000.0,13147000.0,36345000.0,1.0575872346707889,13.657458,5.1180124,0.867805,1.4881704,,0.0,-0.11253531693456997,-25.72393562637242,Communication Services,Internet Content & Information,United States,1715,2024-Q4
SSTK,"Shutterstock, Inc.",2024-12-01 00:00:00-05:00,2024,4,12,28.868864059448242,30.219565497724496,32.33122654045112,27.603770599350984,7885000,35474129,1024097807.7283306,1.0240978077283307,250306000.0,250.306,137872000.0,-1429000.0,13147000.0,36345000.0,1.022845844414767,13.657458,5.1180124,0.867805,1.4881704,,0.0,-0.11253531693456997,-35.05846437689056,Communication Services,Internet Content & Information,United States,1715,2024-Q4
SSTK,"Shutterstock, Inc.",2025-01-01 00:00:00-05:00,2025,1,1,28.079368591308594,29.173246052956237,36.90648587484644,25.96770762983717,20085700,35474129,996091143.6466293,0.9960911436466293,242620000.0,242.62,141732000.0,18688000.0,10201000.0,47387000.0,1.026390181813772,13.657458,5.1180124,0.867805,1.4881704,,-3.0706415347614535,-3.1797212955129495,-35.072773282735845,Communication Services,Internet Content & Information,United States,1715,2025-Q1
SSTK,"Shutterstock, Inc.",2025-02-01 00:00:00-05:00,2025,1,2,20.441247940063477,27.394505879408953,30.438340672350606,20.32710517853139,9432300,35474129,725135466.346796,0.725135466346796,242620000.0,242.62,141732000.0,18688000.0,10201000.0,47387000.0,0.7471925916523742,13.657458,5.1180124,0.867805,1.4881704,,0.0,-3.0706415347614535,-54.4693535371885,Communication Services,Internet Content & Information,United States,1715,2025-Q1
SSTK,"Shutterstock, Inc.",2025-03-01 00:00:00-05:00,2025,1,3,17.720821380615234,20.58392813394002,20.793192895680193,16.332072901963283,11205800,35474129,628630703.6419029,0.6286307036419029,242620000.0,242.62,141732000.0,18688000.0,10201000.0,47387000.0,0.6477523531055797,13.657458,5.1180124,0.867805,1.4881704,,0.0,-3.0706415347614535,-58.25335289667141,Communication Services,Internet Content & Information,United States,1715,2025-Q1
SSTK,"Shutterstock, Inc.",2025-04-01 00:00:00-04:00,2025,2,4,15.426580429077148,17.823693651061745,18.538960941748947,13.870390633641422,10462400,35474129,547244504.1699581,0.5472445041699581,266990000.0,266.99,160996000.0,29440000.0,34731000.0,69966000.0,0.5124204129086839,13.657458,5.1180124,0.867805,1.4881704,,10.044514054900677,6.665441499604485,-61.020338704012225,Communication Services,Internet Content & Information,United States,1715,2025-Q2
SSTK,"Shutterstock, Inc.",2025-05-01 00:00:00-04:00,2025,2,5,17.833358764648438,15.658559005232803,19.379881563130187,15.610229015529875,5345200,35474129,632622869.3204193,0.6326228693204193,266990000.0,266.99,160996000.0,29440000.0,34731000.0,69966000.0,0.5923656965807889,13.657458,5.1180124,0.867805,1.4881704,,0.0,10.044514054900677,-52.63208183310864,Communication Services,Internet Content & Information,United States,1715,2025-Q2
SSTK,"Shutterstock, Inc.",2025-06-01 00:00:00-04:00,2025,2,6,18.326313018798828,17.475725420949395,19.254228605508025,16.8184522644472,5741900,35474129,650109992.123249,0.650109992123249,266990000.0,266.99,160996000.0,29440000.0,34731000.0,69966000.0,0.6087400203408827,13.657458,5.1180124,0.867805,1.4881704,,0.0,10.044514054900677,-49.29861151273811,Communication Services,Internet Content & Information,United States,1715,2025-Q2
SSTK,"Shutterstock, Inc.",2025-07-01 00:00:00-04:00,2025,3,7,18.859342575073242,18.59357894412627,20.9559198270967,17.619114174739366,6126100,35474129,669018751.3633404,0.6690187513633403,,,,,,,,13.657458,5.1180124,0.867805,1.4881704,,0.0,10.044514054900677,-54.3370937306904,Communication Services,Internet Content & Information,United States,1715,2025-Q3
SSTK,"Shutterstock, Inc.",2025-08-01 00:00:00-04:00,2025,3,8,20.60157012939453,18.357346844343766,22.09771898609504,18.08174176055392,5211200,35474129,730822756.3726883,0.7308227563726883,,,,,,,,13.657458,5.1180124,0.867805,1.4881704,,0.0,0.0,-38.524287763419416,Communication Services,Internet Content & Information,United States,1715,2025-Q3
SSTK,"Shutterstock, Inc.",2025-09-01 00:00:00-04:00,2025,3,9,20.522825241088867,20.19800362766525,22.11740338792524,19.440085903870546,4324000,35474129,728029350.0468426,0.7280293500468425,,,,,,,,13.657458,5.1180124,0.867805,1.4881704,,0.0,0.0,-38.418307930008474,Communication Services,Internet Content & Information,United States,1715,2025-Q3
SSTK,"Shutterstock, Inc.",2025-10-01 00:00:00-04:00,2025,4,10,24.719999313354492,20.65999984741211,26.760000228881836,20.600000381469727,6897409,35474129,876920444.5218487,0.8769204445218487,,,,,,,,13.657458,5.1180124,0.867805,1.4881704,,0.0,0.0,-18.24238267669983,Communication Services,Internet Content & Information,United States,1715,2025-Q4
