ticker,company_name,date,year,quarter,month,close_price,open_price,high_price,low_price,volume,shares_outstanding,market_cap,market_cap_billions,revenue,revenue_millions,gross_profit,net_income,operating_income,ebitda,ps_ratio,current_pe,forward_pe,current_ps,current_pb,peg_ratio,revenue_qoq_pct,revenue_yoy_pct,market_cap_yoy_pct,sector,industry,country,employees,year_quarter
STMMI IM,STMICROELECTRONICS NV,2015-01-01 00:00:00+01:00,2015,1,1,6.073533058166504,5.087970038536561,6.3650955134814025,4.964774563175913,143573769,892033602,5417795570.742342,5.417795570742342,,,,,,,,61.887497,17.433098,1.8626987,1.2479833,,,,,Technology,Semiconductors,Netherlands,49602,2015-Q1
STMMI IM,STMICROELECTRONICS NV,2015-02-01 00:00:00+01:00,2015,1,2,6.529355525970459,6.073532723075271,6.582740633696564,5.99140254124203,77141443,892033602,5824404528.570033,5.824404528570033,,,,,,,,61.887497,17.433098,1.8626987,1.2479833,,,,,Technology,Semiconductors,Netherlands,49602,2015-Q1
STMMI IM,STMICROELECTRONICS NV,2015-03-01 00:00:00+01:00,2015,1,3,7.137117862701416,6.55810009648644,7.884503741426632,6.537567457150194,122760021,892033602,6366548954.964086,6.3665489549640855,,,,,,,,61.887497,17.433098,1.8626987,1.2479833,,,,,Technology,Semiconductors,Netherlands,49602,2015-Q1
STMMI IM,STMICROELECTRONICS NV,2015-04-01 00:00:00+02:00,2015,2,4,5.920166969299316,7.169795556016872,7.713653581514251,5.899408941746998,113068975,892033602,5280987866.065493,5.280987866065493,,,,,,,,61.887497,17.433098,1.8626987,1.2479833,,,,,Technology,Semiconductors,Netherlands,49602,2015-Q2
STMMI IM,STMICROELECTRONICS NV,2015-05-01 00:00:00+02:00,2015,2,5,6.439116477966309,5.920167704357028,6.601028241939448,5.579737039639324,129016487,892033602,5743908265.53784,5.74390826553784,,,,,,,,61.887497,17.433098,1.8626987,1.2479833,,,,,Technology,Semiconductors,Netherlands,49602,2015-Q2
STMMI IM,STMICROELECTRONICS NV,2015-06-01 00:00:00+02:00,2015,2,6,6.094534873962402,6.468177854048153,6.551209583408707,5.7956202523378915,95650773,892033602,5436529896.135298,5.436529896135298,,,,,,,,61.887497,17.433098,1.8626987,1.2479833,,,,,Technology,Semiconductors,Netherlands,49602,2015-Q2
STMMI IM,STMICROELECTRONICS NV,2015-07-01 00:00:00+02:00,2015,3,7,5.99705696105957,6.178020913579721,6.354776308750539,5.736132425652677,145710706,892033602,5349576322.373142,5.349576322373142,,,,,,,,61.887497,17.433098,1.8626987,1.2479833,,,,,Technology,Semiconductors,Netherlands,49602,2015-Q3
STMMI IM,STMICROELECTRONICS NV,2015-08-01 00:00:00+02:00,2015,3,8,5.445748805999756,5.984432147345904,6.039142193014661,4.907065866003757,109136324,892033602,4857790923.003161,4.8577909230031615,,,,,,,,61.887497,17.433098,1.8626987,1.2479833,,,,,Technology,Semiconductors,Netherlands,49602,2015-Q3
STMMI IM,STMICROELECTRONICS NV,2015-09-01 00:00:00+02:00,2015,3,9,5.125905990600586,5.3952472568717855,5.78242572848678,4.7134765745975935,112044673,892033602,4572480384.308819,4.572480384308819,,,,,,,,61.887497,17.433098,1.8626987,1.2479833,,,,,Technology,Semiconductors,Netherlands,49602,2015-Q3
STMMI IM,STMICROELECTRONICS NV,2015-10-01 00:00:00+02:00,2015,4,10,5.372478485107422,5.2698193539545315,6.099645053167329,5.081611694711657,136682228,892033602,4792431334.737877,4.792431334737877,,,,,,,,61.887497,17.433098,1.8626987,1.2479833,,,,,Technology,Semiconductors,Netherlands,49602,2015-Q4
STMMI IM,STMICROELECTRONICS NV,2015-11-01 00:00:00+01:00,2015,4,11,5.91143798828125,5.36392429699589,6.052593858628807,5.308317377172675,86393201,892033602,5273201321.686157,5.273201321686157,,,,,,,,61.887497,17.433098,1.8626987,1.2479833,,,,,Technology,Semiconductors,Netherlands,49602,2015-Q4
STMMI IM,STMICROELECTRONICS NV,2015-12-01 00:00:00+01:00,2015,4,12,5.359645843505859,5.928546778451366,5.9755989992509,5.0388370272014225,79925760,892033602,4780984187.22686,4.78098418722686,,,,,,,,61.887497,17.433098,1.8626987,1.2479833,,,,,Technology,Semiconductors,Netherlands,49602,2015-Q4
STMMI IM,STMICROELECTRONICS NV,2016-01-01 00:00:00+01:00,2016,1,1,5.2260613441467285,5.4477990642965946,5.5869290938749145,4.499977940563761,106857341,892033602,4661822325.092168,4.661822325092168,,,,,,,,61.887497,17.433098,1.8626987,1.2479833,,,,-13.953521054442286,Technology,Semiconductors,Netherlands,49602,2016-Q1
STMMI IM,STMICROELECTRONICS NV,2016-02-01 00:00:00+01:00,2016,1,2,4.608673572540283,5.256496433023165,5.260844337637172,3.940850599616372,108037829,892033602,4111091687.355317,4.111091687355317,,,,,,,,61.887497,17.433098,1.8626987,1.2479833,,,,-29.41610310222317,Technology,Semiconductors,Netherlands,49602,2016-Q1
STMMI IM,STMICROELECTRONICS NV,2016-03-01 00:00:00+01:00,2016,1,3,4.236501216888428,4.595629574210433,4.804324421734675,4.165196995405344,83731351,892033602,3779101440.3783674,3.7791014403783674,,,,,,,,61.887497,17.433098,1.8626987,1.2479833,,,,-40.641288284891765,Technology,Semiconductors,Netherlands,49602,2016-Q1
STMMI IM,STMICROELECTRONICS NV,2016-04-01 00:00:00+02:00,2016,2,4,4.762561798095703,4.262360074053626,5.099577453007564,3.9732360150853228,123870882,892033602,4248365155.502907,4.248365155502907,,,,,,,,61.887497,17.433098,1.8626987,1.2479833,,,,-19.553589910668045,Technology,Semiconductors,Netherlands,49602,2016-Q2
STMMI IM,STMICROELECTRONICS NV,2016-05-01 00:00:00+02:00,2016,2,5,4.753692626953125,4.780298878050774,4.837946319293994,4.0849827314305,100818118,892033602,4240453556.8218384,4.240453556821838,,,,,,,,61.887497,17.433098,1.8626987,1.2479833,,,,-26.174768802217685,Technology,Semiconductors,Netherlands,49602,2016-Q2
STMMI IM,STMICROELECTRONICS NV,2016-06-01 00:00:00+02:00,2016,2,6,4.647266864776611,4.775865309848443,4.9088974257594185,4.257038704519538,84038025,892033602,4145518200.8419275,4.145518200841927,,,,,,,,61.887497,17.433098,1.8626987,1.2479833,,,,-23.746980518052897,Technology,Semiconductors,Netherlands,49602,2016-Q2
STMMI IM,STMICROELECTRONICS NV,2016-07-01 00:00:00+02:00,2016,3,7,5.85235595703125,4.739331406655478,5.919675831542454,4.238470187782651,82536991,892033602,5220498164.536743,5.220498164536743,,,,,,,,61.887497,17.433098,1.8626987,1.2479833,,,,-2.412866927359558,Technology,Semiconductors,Netherlands,49602,2016-Q3
STMMI IM,STMICROELECTRONICS NV,2016-08-01 00:00:00+02:00,2016,3,8,6.022899627685547,5.879283678962801,6.179979892608016,5.448435404785275,57214698,892033602,5372628849.368797,5.372628849368797,,,,,,,,61.887497,17.433098,1.8626987,1.2479833,,,,10.598190299374899,Technology,Semiconductors,Netherlands,49602,2016-Q3
STMMI IM,STMICROELECTRONICS NV,2016-09-01 00:00:00+02:00,2016,3,9,6.507602691650391,6.067778715176372,6.570434871722055,5.744642461679429,89188753,892033602,5805000269.417793,5.805000269417794,,,,,,,,61.887497,17.433098,1.8626987,1.2479833,,,,26.955170531481308,Technology,Semiconductors,Netherlands,49602,2016-Q3
STMMI IM,STMICROELECTRONICS NV,2016-10-01 00:00:00+02:00,2016,4,10,7.878077983856201,6.519788646516266,7.887133453363639,6.397542830685719,103036913,892033602,7027510280.776145,7.027510280776145,,,,,,,,61.887497,17.433098,1.8626987,1.2479833,,,,46.63768325353619,Technology,Semiconductors,Netherlands,49602,2016-Q4
STMMI IM,STMICROELECTRONICS NV,2016-11-01 00:00:00+01:00,2016,4,11,8.738327980041504,7.8599681380130795,8.738327980041504,7.248737745640261,95040023,892033602,7794882183.493807,7.794882183493807,,,,,,,,61.887497,17.433098,1.8626987,1.2479833,,,,47.820682503381406,Technology,Semiconductors,Netherlands,49602,2016-Q4
STMMI IM,STMICROELECTRONICS NV,2016-12-01 00:00:00+01:00,2016,4,12,9.779685974121094,8.738330023417614,9.870238102284008,8.299149999705294,76660001,892033602,8723808505.924118,8.723808505924119,,,,,,,,61.887497,17.433098,1.8626987,1.2479833,,,,82.46888431949063,Technology,Semiconductors,Netherlands,49602,2016-Q4
STMMI IM,STMICROELECTRONICS NV,2017-01-01 00:00:00+01:00,2017,1,1,11.093124389648438,9.836267858970276,11.676013770665307,8.980147777741212,106535034,892033602,9895439706.732147,9.895439706732148,,,,,,,,61.887497,17.433098,1.8626987,1.2479833,,,,112.26548368156668,Technology,Semiconductors,Netherlands,49602,2017-Q1
STMMI IM,STMICROELECTRONICS NV,2017-02-01 00:00:00+01:00,2017,1,2,13.105916976928711,11.2206316402957,13.37003895974172,11.202416780398462,112215422,892033602,11690918328.442669,11.690918328442669,,,,,,,,61.887497,17.433098,1.8626987,1.2479833,,,,184.3750326561918,Technology,Semiconductors,Netherlands,49602,2017-Q1
STMMI IM,STMICROELECTRONICS NV,2017-03-01 00:00:00+01:00,2017,1,3,13.042167663574219,13.16967520473941,13.52487422533054,12.040325675244516,118549336,892033602,11634051798.826035,11.634051798826034,,,,,,,,61.887497,17.433098,1.8626987,1.2479833,,,,207.8523289827653,Technology,Semiconductors,Netherlands,49602,2017-Q1
STMMI IM,STMICROELECTRONICS NV,2017-04-01 00:00:00+02:00,2017,2,4,13.571767807006836,13.233388259581341,13.763821157942704,12.071922548642302,88373181,892033602,12106472922.391949,12.106472922391948,,,,,,,,61.887497,17.433098,1.8626987,1.2479833,,,,184.96780477333584,Technology,Semiconductors,Netherlands,49602,2017-Q2
STMMI IM,STMICROELECTRONICS NV,2017-05-01 00:00:00+02:00,2017,2,5,13.416296005249023,13.571767807063129,14.257672507240796,12.721245699747483,82290534,892033602,11967786851.060497,11.967786851060497,,,,,,,,61.887497,17.433098,1.8626987,1.2479833,,,,182.22893354903738,Technology,Semiconductors,Netherlands,49602,2017-Q2
STMMI IM,STMICROELECTRONICS NV,2017-06-01 00:00:00+02:00,2017,2,6,11.504904747009277,13.361419350024272,14.248522747831954,11.102507823977927,131312592,892033602,10262761622.141584,10.262761622141584,,,,,,,,61.887497,17.433098,1.8626987,1.2479833,,,,147.56281663550013,Technology,Semiconductors,Netherlands,49602,2017-Q2
STMMI IM,STMICROELECTRONICS NV,2017-07-01 00:00:00+02:00,2017,3,7,13.256163597106934,11.722012956057178,13.779795547563696,11.437230129258706,113369599,892033602,11824943362.228575,11.824943362228575,,,,,,,,61.887497,17.433098,1.8626987,1.2479833,,,,126.50986533347238,Technology,Semiconductors,Netherlands,49602,2017-Q3
STMMI IM,STMICROELECTRONICS NV,2017-08-01 00:00:00+02:00,2017,3,8,13.393959999084473,13.210229583505647,13.623623237581938,12.613104637754804,85236072,892033602,11947862383.027239,11.947862383027239,,,,,,,,61.887497,17.433098,1.8626987,1.2479833,,,,122.38391517461574,Technology,Semiconductors,Netherlands,49602,2017-Q3
STMMI IM,STMICROELECTRONICS NV,2017-09-01 00:00:00+02:00,2017,3,9,15.019974708557129,13.495010215176402,15.249637925042128,13.393958715317435,103094021,892033602,13398322141.223116,13.398322141223115,,,,,,,,61.887497,17.433098,1.8626987,1.2479833,,,,130.8065722547656,Technology,Semiconductors,Netherlands,49602,2017-Q3
STMMI IM,STMICROELECTRONICS NV,2017-10-01 00:00:00+02:00,2017,4,10,18.644817352294922,15.159288706142075,19.059762076247413,15.03941500421712,112519066,892033602,16631803581.399742,16.63180358139974,,,,,,,,61.887497,17.433098,1.8626987,1.2479833,,,,136.667082891309,Technology,Semiconductors,Netherlands,49602,2017-Q4
STMMI IM,STMICROELECTRONICS NV,2017-11-01 00:00:00+01:00,2017,4,11,17.575191497802734,18.792360861056427,19.908100616547493,17.19713137008796,106735826,892033602,15677661377.624748,15.677661377624748,,,,,,,,61.887497,17.433098,1.8626987,1.2479833,,,,101.12762462046265,Technology,Semiconductors,Netherlands,49602,2017-Q4
STMMI IM,STMICROELECTRONICS NV,2017-12-01 00:00:00+01:00,2017,4,12,16.782184600830078,17.56596650770623,17.68584023473692,16.45022875214496,79576083,892033602,14970272578.907387,14.970272578907387,,,,,,,,61.887497,17.433098,1.8626987,1.2479833,,,,71.60248954045075,Technology,Semiconductors,Netherlands,49602,2017-Q4
STMMI IM,STMICROELECTRONICS NV,2018-01-01 00:00:00+01:00,2018,1,1,17.790302276611328,16.837416677837094,19.15024854212512,16.513619863926635,83859780,892033602,15869547420.474403,15.869547420474403,,,,,,,,61.887497,17.433098,1.8626987,1.2479833,,,,60.37233201146081,Technology,Semiconductors,Netherlands,49602,2018-Q1
STMMI IM,STMICROELECTRONICS NV,2018-02-01 00:00:00+01:00,2018,1,2,17.415620803833008,17.88281196100307,17.970698917229043,15.667119100074569,66316367,892033602,15535318956.709293,15.535318956709293,,,,,,,,61.887497,17.433098,1.8626987,1.2479833,,,,32.88364968655743,Technology,Semiconductors,Netherlands,49602,2018-Q1
STMMI IM,STMICROELECTRONICS NV,2018-03-01 00:00:00+01:00,2018,1,3,16.638511657714844,17.38324374042726,18.85420306438374,16.162067132108763,81921728,892033602,14842111485.950363,14.842111485950364,,,,,,,,61.887497,17.433098,1.8626987,1.2479833,,,,27.574741307650406,Technology,Semiconductors,Netherlands,49602,2018-Q1
STMMI IM,STMICROELECTRONICS NV,2018-04-01 00:00:00+02:00,2018,2,4,16.823469161987305,16.688919865001175,17.48694315948803,15.371251437015395,100616012,892033602,15007099794.703457,15.007099794703457,,,,,,,,61.887497,17.433098,1.8626987,1.2479833,,,,23.9593058267743,Technology,Semiconductors,Netherlands,49602,2018-Q2
STMMI IM,STMICROELECTRONICS NV,2018-05-01 00:00:00+02:00,2018,2,5,18.902048110961914,16.823470901801215,19.468087598283784,16.823470901801215,84061902,892033602,16861262061.598652,16.86126206159865,,,,,,,,61.887497,17.433098,1.8626987,1.2479833,,,,40.88872296471866,Technology,Semiconductors,Netherlands,49602,2018-Q2
STMMI IM,STMICROELECTRONICS NV,2018-06-01 00:00:00+02:00,2018,2,6,17.756046295166016,18.902047222767887,21.32395771383201,17.199284632084694,89516043,892033602,15838989933.955696,15.838989933955697,,,,,,,,61.887497,17.433098,1.8626987,1.2479833,,,,54.334578908893064,Technology,Semiconductors,Netherlands,49602,2018-Q2
STMMI IM,STMICROELECTRONICS NV,2018-07-01 00:00:00+02:00,2018,3,7,17.329084396362305,17.55238513670133,19.39927067246578,16.994132398535506,68813835,892033602,15458125573.449062,15.458125573449061,,,,,,,,61.887497,17.433098,1.8626987,1.2479833,,,,30.724732456864512,Technology,Semiconductors,Netherlands,49602,2018-Q3
STMMI IM,STMICROELECTRONICS NV,2018-08-01 00:00:00+02:00,2018,3,8,16.463802337646484,17.459352706719436,17.975736740589763,15.593859039620712,58919899,892033602,14686264901.866814,14.686264901866814,,,,,,,,61.887497,17.433098,1.8626987,1.2479833,,,,22.919602109994706,Technology,Semiconductors,Netherlands,49602,2018-Q3
STMMI IM,STMICROELECTRONICS NV,2018-09-01 00:00:00+02:00,2018,3,9,14.584348678588867,16.449842803871302,16.584754268550604,13.988878946668052,86998847,892033602,13009729084.585567,13.009729084585567,,,,,,,,61.887497,17.433098,1.8626987,1.2479833,,,,-2.900311341536932,Technology,Semiconductors,Netherlands,49602,2018-Q3
STMMI IM,STMICROELECTRONICS NV,2018-10-01 00:00:00+02:00,2018,4,10,12.51488208770752,14.690977247383879,15.503511443590577,10.852457654241107,147627406,892033602,11163695347.303019,11.163695347303019,,,,,,,,61.887497,17.433098,1.8626987,1.2479833,,,,-32.87742190637706,Technology,Semiconductors,Netherlands,49602,2018-Q4
STMMI IM,STMICROELECTRONICS NV,2018-11-01 00:00:00+01:00,2018,4,11,12.094605445861816,12.589596777993922,13.495525016209069,10.880474973424729,98641632,892033602,10788794460.640932,10.788794460640933,,,,,,,,61.887497,17.433098,1.8626987,1.2479833,,,,-31.183649137627356,Technology,Semiconductors,Netherlands,49602,2018-Q4
STMMI IM,STMICROELECTRONICS NV,2018-12-01 00:00:00+01:00,2018,4,12,11.422167778015137,12.944501014498938,13.098602185242461,10.646992083889414,86075045,892033602,10188957465.671179,10.188957465671178,,,,,,,,61.887497,17.433098,1.8626987,1.2479833,,,,-31.938731162269697,Technology,Semiconductors,Netherlands,49602,2018-Q4
STMMI IM,STMICROELECTRONICS NV,2019-01-01 00:00:00+01:00,2019,1,1,13.022343635559082,11.478432915440125,13.543237667403346,9.976757790002306,126444087,892033602,11616368099.709543,11.616368099709543,,,,,,,,61.887497,17.433098,1.8626987,1.2479833,,,,-26.800886049702576,Technology,Semiconductors,Netherlands,49602,2019-Q1
STMMI IM,STMICROELECTRONICS NV,2019-02-01 00:00:00+01:00,2019,1,2,13.501001358032227,13.031727769460248,14.467704699871367,12.585917502289533,88941463,892033602,12043346872.012379,12.043346872012378,,,,,,,,61.887497,17.433098,1.8626987,1.2479833,,,,-22.477633670912333,Technology,Semiconductors,Netherlands,49602,2019-Q1
STMMI IM,STMICROELECTRONICS NV,2019-03-01 00:00:00+01:00,2019,1,3,12.370055198669434,13.6136303427762,14.242457181544495,11.933630508099201,101551369,892033602,11034504895.80792,11.03450489580792,,,,,,,,61.887497,17.433098,1.8626987,1.2479833,,,,-25.65407619897443,Technology,Semiconductors,Netherlands,49602,2019-Q1
STMMI IM,STMICROELECTRONICS NV,2019-04-01 00:00:00+02:00,2019,2,4,15.436756134033203,12.576527795199869,16.002205465145476,12.552966882128645,113135026,892033602,13770105177.437233,13.770105177437234,,,,,,,,61.887497,17.433098,1.8626987,1.2479833,,,,-8.242729336036025,Technology,Semiconductors,Netherlands,49602,2019-Q2
STMMI IM,STMICROELECTRONICS NV,2019-05-01 00:00:00+02:00,2019,2,5,12.906370162963867,15.436753351501608,15.644085754128207,12.256104358278801,116813126,892033602,11512915865.213985,11.512915865213985,,,,,,,,61.887497,17.433098,1.8626987,1.2479833,,,,-31.71972641695351,Technology,Semiconductors,Netherlands,49602,2019-Q2
STMMI IM,STMICROELECTRONICS NV,2019-06-01 00:00:00+02:00,2019,2,6,14.701672554016113,12.722600937559642,14.805337867732645,12.604799077026684,100986691,892033602,13114385923.783533,13.114385923783534,,,,,,,,61.887497,17.433098,1.8626987,1.2479833,,,,-17.201879801256425,Technology,Semiconductors,Netherlands,49602,2019-Q2
STMMI IM,STMICROELECTRONICS NV,2019-07-01 00:00:00+02:00,2019,3,7,15.814781188964844,15.49772927336291,16.68076204232191,14.503981566920874,107006654,892033602,14107316228.834152,14.107316228834152,,,,,,,,61.887497,17.433098,1.8626987,1.2479833,,,,-8.738506736774509,Technology,Semiconductors,Netherlands,49602,2019-Q3
STMMI IM,STMICROELECTRONICS NV,2019-08-01 00:00:00+02:00,2019,3,8,15.246932029724121,15.573448533866118,16.027732836628555,14.168005456789318,87780845,892033602,13600775697.923979,13.600775697923979,,,,,,,,61.887497,17.433098,1.8626987,1.2479833,,,,-7.391186330874744,Technology,Semiconductors,Netherlands,49602,2019-Q3
STMMI IM,STMICROELECTRONICS NV,2019-09-01 00:00:00+02:00,2019,3,9,16.794340133666992,15.237468006242821,17.489962429088003,14.915682830812736,78836231,892033602,14981115722.648129,14.981115722648129,,,,,,,,61.887497,17.433098,1.8626987,1.2479833,,,,15.153172101011215,Technology,Semiconductors,Netherlands,49602,2019-Q3
STMMI IM,STMICROELECTRONICS NV,2019-10-01 00:00:00+02:00,2019,4,10,19.31376075744629,16.99686861342956,20.05440709665482,16.156520404841455,106106202,892033602,17228523576.63106,17.228523576631062,,,,,,,,61.887497,17.433098,1.8626987,1.2479833,,,,54.326350197232976,Technology,Semiconductors,Netherlands,49602,2019-Q4
STMMI IM,STMICROELECTRONICS NV,2019-11-01 00:00:00+01:00,2019,4,11,21.17486572265625,19.370729481762826,21.64014465092487,19.370729481762826,66779916,892033602,18888691742.447388,18.88869174244739,,,,,,,,61.887497,17.433098,1.8626987,1.2479833,,,,75.07694498542948,Technology,Semiconductors,Netherlands,49602,2019-Q4
STMMI IM,STMICROELECTRONICS NV,2019-12-01 00:00:00+01:00,2019,4,12,22.760608673095703,21.203354380180162,24.19442282788863,20.519682161339958,62064784,892033602,20303227738.374,20.303227738374,,,,,,,,61.887497,17.433098,1.8626987,1.2479833,,,,99.26697904844539,Technology,Semiconductors,Netherlands,49602,2019-Q4
STMMI IM,STMICROELECTRONICS NV,2020-01-01 00:00:00+01:00,2020,1,1,24.063282012939453,22.816330603658358,26.528626253147564,22.273764819192603,98144883,892033602,21465256129.94419,21.46525612994419,,,,,,,,61.887497,17.433098,1.8626987,1.2479833,,,,84.78457247305128,Technology,Semiconductors,Netherlands,49602,2020-Q1
STMMI IM,STMICROELECTRONICS NV,2020-02-01 00:00:00+01:00,2020,1,2,23.20659637451172,24.03472430792306,28.023061245987428,22.27376394601505,111070721,892033602,20701063754.11583,20.70106375411583,,,,,,,,61.887497,17.433098,1.8626987,1.2479833,,,,71.88796415241666,Technology,Semiconductors,Netherlands,49602,2020-Q1
STMMI IM,STMICROELECTRONICS NV,2020-03-01 00:00:00+01:00,2020,1,3,18.91842269897461,23.930019376368946,24.415473459717898,13.04062326377607,172426339,892033602,16875868744.324883,16.875868744324883,,,,,,,,61.887497,17.433098,1.8626987,1.2479833,,,,52.93725367538813,Technology,Semiconductors,Netherlands,49602,2020-Q1
STMMI IM,STMICROELECTRONICS NV,2020-04-01 00:00:00+02:00,2020,2,4,22.64371681213379,18.369967250958613,24.26726541368653,17.12842954930897,73043900,892033602,20198956270.59566,20.198956270595662,,,,,,,,61.887497,17.433098,1.8626987,1.2479833,,,,46.687015170314815,Technology,Semiconductors,Netherlands,49602,2020-Q2
STMMI IM,STMICROELECTRONICS NV,2020-05-01 00:00:00+02:00,2020,2,5,21.096574783325195,22.643719571887367,22.86337745997814,20.399404578336416,58537648,892033602,18818853593.831944,18.818853593831943,,,,,,,,61.887497,17.433098,1.8626987,1.2479833,,,,63.4586217266877,Technology,Semiconductors,Netherlands,49602,2020-Q2
STMMI IM,STMICROELECTRONICS NV,2020-06-01 00:00:00+02:00,2020,2,6,23.130781173706055,21.488133408881772,24.181312504676825,20.867365474717293,71536879,892033602,20633434047.4548,20.6334340474548,,,,,,,,61.887497,17.433098,1.8626987,1.2479833,,,,57.33435150810327,Technology,Semiconductors,Netherlands,49602,2020-Q2
STMMI IM,STMICROELECTRONICS NV,2020-07-01 00:00:00+02:00,2020,3,7,22.77875518798828,23.23796710546921,26.65334513543991,22.50131644123353,85581255,892033602,20319415039.417374,20.319415039417375,,,,,,,,61.887497,17.433098,1.8626987,1.2479833,,,,44.03458963999276,Technology,Semiconductors,Netherlands,49602,2020-Q3
STMMI IM,STMICROELECTRONICS NV,2020-08-01 00:00:00+02:00,2020,3,8,24.051145553588867,22.797884272943126,25.409643141107328,22.730916377565322,61393958,892033602,21454430000.39416,21.45443000039416,,,,,,,,61.887497,17.433098,1.8626987,1.2479833,,,,57.744164574884984,Technology,Semiconductors,Netherlands,49602,2020-Q3
STMMI IM,STMICROELECTRONICS NV,2020-09-01 00:00:00+02:00,2020,3,9,25.113073348999023,24.43382538381487,25.954958433623375,21.86033278493352,85901163,892033602,22401705276.797802,22.401705276797802,,,,,,,,61.887497,17.433098,1.8626987,1.2479833,,,,49.5329566337398,Technology,Semiconductors,Netherlands,49602,2020-Q3
STMMI IM,STMICROELECTRONICS NV,2020-10-01 00:00:00+02:00,2020,4,10,25.07714080810547,26.179116439709485,28.785530402679964,24.674679936040775,64613876,892033602,22369652242.915512,22.369652242915514,,,,,,,,61.887497,17.433098,1.8626987,1.2479833,,,,29.840796533824452,Technology,Semiconductors,Netherlands,49602,2020-Q4
STMMI IM,STMICROELECTRONICS NV,2020-11-01 00:00:00+01:00,2020,4,11,31.459028244018555,25.220882351544926,31.96689439197058,25.13464058534587,70583814,892033602,28062510279.931606,28.062510279931605,,,,,,,,61.887497,17.433098,1.8626987,1.2479833,,,,48.56778152013812,Technology,Semiconductors,Netherlands,49602,2020-Q4
STMMI IM,STMICROELECTRONICS NV,2020-12-01 00:00:00+01:00,2020,4,12,29.274229049682617,32.12978359455957,33.23176097317841,27.415244906551983,77518346,892033602,26113595984.961422,26.11359598496142,,,,,,,,61.887497,17.433098,1.8626987,1.2479833,,,,28.617953369087058,Technology,Semiconductors,Netherlands,49602,2020-Q4
STMMI IM,STMICROELECTRONICS NV,2021-01-01 00:00:00+01:00,2021,1,1,31.92672348022461,29.31654236677658,33.548488376362634,28.951885680224546,69650234,892033602,28479710146.122734,28.479710146122734,,,,,,,,61.887497,17.433098,1.8626987,1.2479833,,,,32.67817525081067,Technology,Semiconductors,Netherlands,49602,2021-Q1
STMMI IM,STMICROELECTRONICS NV,2021-02-01 00:00:00+01:00,2021,1,2,30.698406219482422,32.26259430115303,34.44094368125384,29.767570546865148,58234277,892033602,27384009875.624107,27.38400987562411,,,,,,,,61.887497,17.433098,1.8626987,1.2479833,,,,32.28310487271244,Technology,Semiconductors,Netherlands,49602,2021-Q1
STMMI IM,STMICROELECTRONICS NV,2021-03-01 00:00:00+01:00,2021,1,3,31.207008361816406,31.302969406531606,31.456509274483455,27.291738068365095,84444228,892033602,27837700076.63521,27.83770007663521,,,,,,,,61.887497,17.433098,1.8626987,1.2479833,,,,64.95565649618267,Technology,Semiconductors,Netherlands,49602,2021-Q1
STMMI IM,STMICROELECTRONICS NV,2021-04-01 00:00:00+02:00,2021,2,4,29.928308486938477,31.638770897925255,32.402715809290704,29.40459905784889,57657139,892033602,26697056821.3709,26.6970568213709,,,,,,,,61.887497,17.433098,1.8626987,1.2479833,,,,32.170476849017945,Technology,Semiconductors,Netherlands,49602,2021-Q2
STMMI IM,STMICROELECTRONICS NV,2021-05-01 00:00:00+02:00,2021,2,5,29.452640533447266,30.08685712398212,30.50005923084147,27.146398219426242,72758690,892033602,26272745023.462166,26.272745023462164,,,,,,,,61.887497,17.433098,1.8626987,1.2479833,,,,39.60863711737099,Technology,Semiconductors,Netherlands,49602,2021-Q2
STMMI IM,STMICROELECTRONICS NV,2021-06-01 00:00:00+02:00,2021,2,6,29.40940284729004,29.54873880348008,30.72107834984551,28.659875036022505,52396752,892033602,26234175554.53719,26.234175554537188,,,,,,,,61.887497,17.433098,1.8626987,1.2479833,,,,27.144010513234274,Technology,Semiconductors,Netherlands,49602,2021-Q2
STMMI IM,STMICROELECTRONICS NV,2021-07-01 00:00:00+02:00,2021,3,7,33.24177932739258,29.717812193649518,34.055369944661955,29.15936965573133,74163968,892033602,29652784150.30314,29.652784150303138,,,,,,,,61.887497,17.433098,1.8626987,1.2479833,,,,45.93325690124486,Technology,Semiconductors,Netherlands,49602,2021-Q3
STMMI IM,STMICROELECTRONICS NV,2021-08-01 00:00:00+02:00,2021,3,8,36.27951431274414,33.699123955994914,37.13161911669257,33.381387595697284,57451145,892033602,32362545831.20771,32.36254583120771,,,,,,,,61.887497,17.433098,1.8626987,1.2479833,,,,50.843186375089644,Technology,Semiconductors,Netherlands,49602,2021-Q3
STMMI IM,STMICROELECTRONICS NV,2021-09-01 00:00:00+02:00,2021,3,9,36.36135482788086,36.7850033160493,38.893604360013946,35.68256008565849,49373180,892033602,32435550320.714653,32.435550320714654,,,,,,,,61.887497,17.433098,1.8626987,1.2479833,,,,44.790541255398274,Technology,Semiconductors,Netherlands,49602,2021-Q3
STMMI IM,STMICROELECTRONICS NV,2021-10-01 00:00:00+02:00,2021,4,10,39.435890197753906,35.76665013032054,39.99037526187133,33.27870129108386,58504338,892033602,35178139181.17891,35.178139181178906,,,,,,,,61.887497,17.433098,1.8626987,1.2479833,,,,57.25831943730755,Technology,Semiconductors,Netherlands,49602,2021-Q4
STMMI IM,STMICROELECTRONICS NV,2021-11-01 00:00:00+01:00,2021,4,11,41.562225341796875,40.00002666327737,44.676984787930984,39.40214879248949,67653701,892033602,37074901578.77875,37.07490157877875,,,,,,,,61.887497,17.433098,1.8626987,1.2479833,,,,32.1154137992145,Technology,Semiconductors,Netherlands,49602,2021-Q4
STMMI IM,STMICROELECTRONICS NV,2021-12-01 00:00:00+01:00,2021,4,12,42.19866943359375,42.23724314191469,43.50532713317858,38.7415808346905,50435105,892033602,37642631094.45593,37.642631094455936,,,,,,,,61.887497,17.433098,1.8626987,1.2479833,,,,44.14954997440403,Technology,Semiconductors,Netherlands,49602,2021-Q4
STMMI IM,STMICROELECTRONICS NV,2022-01-01 00:00:00+01:00,2022,1,1,39.83456039428711,42.118410144431984,44.03529438052792,36.97612979313655,79154308,892033602,35533766392.60247,35.53376639260247,,,,,,,,61.887497,17.433098,1.8626987,1.2479833,,,,24.768708004003635,Technology,Semiconductors,Netherlands,49602,2022-Q1
STMMI IM,STMICROELECTRONICS NV,2022-02-01 00:00:00+01:00,2022,1,2,36.65745162963867,40.32705888951319,40.74713376266471,33.75556690568922,58015977,892033602,32699678617.327354,32.69967861732736,,,,,,,,61.887497,17.433098,1.8626987,1.2479833,,,,19.411579114404987,Technology,Semiconductors,Netherlands,49602,2022-Q1
STMMI IM,STMICROELECTRONICS NV,2022-03-01 00:00:00+01:00,2022,1,3,38.25083923339844,36.638141015487406,40.60711274417358,30.621915132068708,70539489,892033602,34121033900.891327,34.12103390089133,,,,,,,,61.887497,17.433098,1.8626987,1.2479833,,,,22.571310873235028,Technology,Semiconductors,Netherlands,49602,2022-Q1
STMMI IM,STMICROELECTRONICS NV,2022-04-01 00:00:00+02:00,2022,2,4,34.59618377685547,38.37787434317992,38.42139586687384,32.4103451344032,51454760,892033602,30860958429.922348,30.86095842992235,,,,,,,,61.887497,17.433098,1.8626987,1.2479833,,,,15.596856374138813,Technology,Semiconductors,Netherlands,49602,2022-Q2
STMMI IM,STMICROELECTRONICS NV,2022-05-01 00:00:00+02:00,2022,2,5,35.96474838256836,33.94816637702263,37.299460017767096,32.09601130532292,58282038,892033602,32081764044.726128,32.08176404472613,,,,,,,,61.887497,17.433098,1.8626987,1.2479833,,,,22.110438083559124,Technology,Semiconductors,Netherlands,49602,2022-Q2
STMMI IM,STMICROELECTRONICS NV,2022-06-01 00:00:00+02:00,2022,2,6,29.001014709472656,36.361286016711226,36.78200872268332,28.328822081078382,45501340,892033602,25869879612.945877,25.869879612945876,,,,,,,,61.887497,17.433098,1.8626987,1.2479833,,,,-1.3886311800955675,Technology,Semiconductors,Netherlands,49602,2022-Q2
STMMI IM,STMICROELECTRONICS NV,2022-07-01 00:00:00+02:00,2022,3,7,35.790672302246094,28.392219633380655,36.2121926621496,26.55593238255138,46620505,892033602,31926482331.774216,31.926482331774217,,,,,,,,61.887497,17.433098,1.8626987,1.2479833,,,,7.667739292021358,Technology,Semiconductors,Netherlands,49602,2022-Q3
STMMI IM,STMICROELECTRONICS NV,2022-08-01 00:00:00+02:00,2022,3,8,33.71212387084961,35.97477912530606,38.063010912525165,33.65882760605437,41455897,892033602,30072347287.58416,30.07234728758416,,,,,,,,61.887497,17.433098,1.8626987,1.2479833,,,,-7.076694632024516,Technology,Semiconductors,Netherlands,49602,2022-Q3
STMMI IM,STMICROELECTRONICS NV,2022-09-01 00:00:00+02:00,2022,3,9,31.250822067260742,33.227619141003196,36.34301131820445,30.267269654104727,51316073,892033602,27876783374.119686,27.876783374119686,,,,,,,,61.887497,17.433098,1.8626987,1.2479833,,,,-14.0548469241897,Technology,Semiconductors,Netherlands,49602,2022-Q3
STMMI IM,STMICROELECTRONICS NV,2022-10-01 00:00:00+02:00,2022,4,10,30.673078536987305,30.94971849259399,34.62369120387224,29.168543528729444,65488638,892033602,27361416731.777676,27.361416731777677,,,,,,,,61.887497,17.433098,1.8626987,1.2479833,,,,-22.22039775652305,Technology,Semiconductors,Netherlands,49602,2022-Q4
STMMI IM,STMICROELECTRONICS NV,2022-11-01 00:00:00+01:00,2022,4,11,34.98768997192383,30.978837958387633,36.9581464848627,29.488862421415664,53426663,892033602,31210195111.31449,31.21019511131449,,,,,,,,61.887497,17.433098,1.8626987,1.2479833,,,,-15.818535499015718,Technology,Semiconductors,Netherlands,49602,2022-Q4
STMMI IM,STMICROELECTRONICS NV,2022-12-01 00:00:00+01:00,2022,4,12,32.036869049072266,36.220441929482845,37.428925149212716,31.794202271218243,41193692,892033602,28577963694.646248,28.577963694646247,,,,,,,,61.887497,17.433098,1.8626987,1.2479833,,,,-24.080854967507157,Technology,Semiconductors,Netherlands,49602,2022-Q4
STMMI IM,STMICROELECTRONICS NV,2023-01-01 00:00:00+01:00,2023,1,1,41.91362762451172,32.57032023989322,42.85670972574719,32.24947649908121,64398785,892033602,37388364222.77989,37.38836422277989,,,,,,,,61.887497,17.433098,1.8626987,1.2479833,,,,5.219254862224565,Technology,Semiconductors,Netherlands,49602,2023-Q1
STMMI IM,STMICROELECTRONICS NV,2023-02-01 00:00:00+01:00,2023,1,2,44.140079498291016,42.07891018935641,45.579006706575534,41.845572646841816,48152352,892033602,39374434107.42689,39.374434107426886,,,,,,,,61.887497,17.433098,1.8626987,1.2479833,,,,20.41229691646762,Technology,Semiconductors,Netherlands,49602,2023-Q1
STMMI IM,STMICROELECTRONICS NV,2023-03-01 00:00:00+01:00,2023,1,3,47.59156036376953,44.601895764236595,47.75684081306457,41.3108365315578,63902908,892033602,42453271016.093765,42.453271016093765,,,,,,,,61.887497,17.433098,1.8626987,1.2479833,,,,24.41965017649943,Technology,Semiconductors,Netherlands,49602,2023-Q1
STMMI IM,STMICROELECTRONICS NV,2023-04-01 00:00:00+02:00,2023,2,4,37.53459548950195,47.70315560699644,47.81024491786308,36.638942473492826,52721562,892033602,33482120414.11338,33.48212041411338,,,,,,,,61.887497,17.433098,1.8626987,1.2479833,,,,8.493456190425984,Technology,Semiconductors,Netherlands,49602,2023-Q2
STMMI IM,STMICROELECTRONICS NV,2023-05-01 00:00:00+02:00,2023,2,5,39.49625778198242,37.534588175801844,40.961426887123466,36.26412653304852,58975331,892033602,35231989094.78231,35.231989094782314,,,,,,,,61.887497,17.433098,1.8626987,1.2479833,,,,9.819363566368612,Technology,Semiconductors,Netherlands,49602,2023-Q2
STMMI IM,STMICROELECTRONICS NV,2023-06-01 00:00:00+02:00,2023,2,6,44.35419845581055,39.74938431910086,45.24984771249175,39.42811640285446,59970876,892033602,39565435412.35952,39.56543541235952,,,,,,,,61.887497,17.433098,1.8626987,1.2479833,,,,52.940160543151784,Technology,Semiconductors,Netherlands,49602,2023-Q2
STMMI IM,STMICROELECTRONICS NV,2023-07-01 00:00:00+02:00,2023,3,7,47.419403076171875,44.835905724315445,49.21322935065065,41.67721025789675,69057108,892033602,42299700930.72748,42.299700930727475,,,,,,,,61.887497,17.433098,1.8626987,1.2479833,,,,32.490953720352444,Technology,Semiconductors,Netherlands,49602,2023-Q3
STMMI IM,STMICROELECTRONICS NV,2023-08-01 00:00:00+02:00,2023,3,8,42.56924819946289,47.624130676446825,47.86298519402664,40.463452535032005,61219166,892033602,37973199805.7989,37.9731998057989,,,,,,,,61.887497,17.433098,1.8626987,1.2479833,,,,26.27281616116719,Technology,Semiconductors,Netherlands,49602,2023-Q3
STMMI IM,STMICROELECTRONICS NV,2023-09-01 00:00:00+02:00,2023,3,9,39.95650100708008,42.569247946156246,43.06157252744883,38.56726146571681,45050676,892033602,35642541516.66227,35.64254151666227,,,,,,,,61.887497,17.433098,1.8626987,1.2479833,,,,27.857439785366967,Technology,Semiconductors,Netherlands,49602,2023-Q3
STMMI IM,STMICROELECTRONICS NV,2023-10-01 00:00:00+02:00,2023,4,10,35.11833190917969,40.16591894018518,41.8012588667476,34.26892840127042,56791682,892033602,31326732109.177094,31.326732109177094,,,,,,,,61.887497,17.433098,1.8626987,1.2479833,,,,14.492361328622593,Technology,Semiconductors,Netherlands,49602,2023-Q4
STMMI IM,STMICROELECTRONICS NV,2023-11-01 00:00:00+01:00,2023,4,11,42.42123031616211,35.53815468640969,43.251103282927,35.211083687727665,49801601,892033602,37841162880.197685,37.841162880197686,,,,,,,,61.887497,17.433098,1.8626987,1.2479833,,,,21.246159292606603,Technology,Semiconductors,Netherlands,49602,2023-Q4
STMMI IM,STMICROELECTRONICS NV,2023-12-01 00:00:00+01:00,2023,4,12,44.13954544067383,42.42121924155861,45.89692543904458,42.29429625616578,34781292,892033602,39373957710.08695,39.373957710086955,,,,,,,,61.887497,17.433098,1.8626987,1.2479833,,,,37.77733826942753,Technology,Semiconductors,Netherlands,49602,2023-Q4
STMMI IM,STMICROELECTRONICS NV,2024-01-01 00:00:00+01:00,2024,1,1,39.99052429199219,44.19928176464368,44.805423694437344,37.717505108220806,66692635,892033602,35672891430.05429,35.67289143005429,,,,,,,,61.887497,17.433098,1.8626987,1.2479833,,,,-4.588253132723041,Technology,Semiconductors,Netherlands,49602,2024-Q1
STMMI IM,STMICROELECTRONICS NV,2024-02-01 00:00:00+01:00,2024,1,2,40.80686950683594,39.97098045529584,42.244003908131724,39.066660339273284,46963395,892033602,36401098792.526825,36.401098792526824,,,,,,,,61.887497,17.433098,1.8626987,1.2479833,,,,-7.551436312170967,Technology,Semiconductors,Netherlands,49602,2024-Q1
STMMI IM,STMICROELECTRONICS NV,2024-03-01 00:00:00+01:00,2024,1,3,39.042213439941406,41.305457896910234,43.5833701461967,38.42629669215342,49088504,892033602,34826966284.88374,34.826966284883746,,,,,,,,61.887497,17.433098,1.8626987,1.2479833,,,,-17.963997940980658,Technology,Semiconductors,Netherlands,49602,2024-Q1
STMMI IM,STMICROELECTRONICS NV,2024-04-01 00:00:00+02:00,2024,2,4,36.85680389404297,39.38278290266573,39.90658112871528,35.25114218184722,55757625,892033602,32877507535.810776,32.87750753581078,3232000000.0,3232.0,1296000000.0,353000000.0,400000000.0,1314000000.0,2.543124035876452,61.887497,17.433098,1.8626987,1.2479833,,,,-1.8057783402742555,Technology,Semiconductors,Netherlands,49602,2024-Q2
STMMI IM,STMICROELECTRONICS NV,2024-05-01 00:00:00+02:00,2024,2,5,36.99876022338867,35.96095298081878,38.898139484684656,35.35883183902871,50497179,892033602,33004137351.60372,33.004137351603724,3232000000.0,3232.0,1296000000.0,353000000.0,400000000.0,1314000000.0,2.5529190401921196,61.887497,17.433098,1.8626987,1.2479833,,0.0,,-6.323377704236755,Technology,Semiconductors,Netherlands,49602,2024-Q2
STMMI IM,STMICROELECTRONICS NV,2024-06-01 00:00:00+02:00,2024,2,6,36.10292053222656,37.91418420398071,40.94438306820279,34.50704801616938,57560100,892033602,32205018245.081818,32.20501824508182,3232000000.0,3232.0,1296000000.0,353000000.0,400000000.0,1314000000.0,2.491105990492096,61.887497,17.433098,1.8626987,1.2479833,,0.0,,-18.60314966982125,Technology,Semiconductors,Netherlands,49602,2024-Q2
STMMI IM,STMICROELECTRONICS NV,2024-07-01 00:00:00+02:00,2024,3,7,30.03040313720703,36.99824206112337,39.09349890732028,29.46119949958258,69252325,892033602,26788128679.99489,26.788128679994887,3251000000.0,3251.0,1228000000.0,351000000.0,351000000.0,744000000.0,2.0599914395566663,61.887497,17.433098,1.8626987,1.2479833,,0.5878712871287162,,-36.67064284008832,Technology,Semiconductors,Netherlands,49602,2024-Q3
STMMI IM,STMICROELECTRONICS NV,2024-08-01 00:00:00+02:00,2024,3,8,28.224655151367188,30.54072618245489,30.58488861726274,25.241241492891852,61050452,892033602,25177340799.881927,25.17734079988193,3251000000.0,3251.0,1228000000.0,351000000.0,351000000.0,744000000.0,1.9361227929776936,61.887497,17.433098,1.8626987,1.2479833,,0.0,0.5878712871287162,-33.69707865377969,Technology,Semiconductors,Netherlands,49602,2024-Q3
STMMI IM,STMICROELECTRONICS NV,2024-09-01 00:00:00+02:00,2024,3,9,26.144113540649414,28.224651975974112,28.337511102931533,23.386420343580188,69705160,892033602,23321427772.76247,23.32142777276247,3251000000.0,3251.0,1228000000.0,351000000.0,351000000.0,744000000.0,1.7934041658537734,61.887497,17.433098,1.8626987,1.2479833,,0.0,0.5878712871287162,-34.56856110594665,Technology,Semiconductors,Netherlands,49602,2024-Q3
STMMI IM,STMICROELECTRONICS NV,2024-10-01 00:00:00+02:00,2024,4,10,24.653318405151367,26.337583317078206,26.406529570271303,24.146067482033782,78593611,892033602,21991588418.20007,21.99158841820007,3322000000.0,3322.0,1253000000.0,341000000.0,310000000.0,889000000.0,1.6549961181667723,61.887497,17.433098,1.8626987,1.2479833,,2.183943402030142,2.7846534653465316,-29.799289815621457,Technology,Semiconductors,Netherlands,49602,2024-Q4
STMMI IM,STMICROELECTRONICS NV,2024-11-01 00:00:00+01:00,2024,4,11,23.91460609436035,24.456328282767707,25.682592855066133,22.29928550528406,78197829,892033602,21332632214.763416,21.332632214763418,3322000000.0,3322.0,1253000000.0,341000000.0,310000000.0,889000000.0,1.6054057958130206,61.887497,17.433098,1.8626987,1.2479833,,0.0,2.183943402030142,-43.62585451641392,Technology,Semiconductors,Netherlands,49602,2024-Q4
STMMI IM,STMICROELECTRONICS NV,2024-12-01 00:00:00+01:00,2024,4,12,23.648670196533203,23.63882046256977,25.229515864092836,22.75728899861172,57821312,892033602,21095408457.92356,21.09540845792356,3322000000.0,3322.0,1253000000.0,341000000.0,310000000.0,889000000.0,1.5875533156173662,61.887497,17.433098,1.8626987,1.2479833,,0.0,2.183943402030142,-46.42294124138995,Technology,Semiconductors,Netherlands,49602,2024-Q4
STMMI IM,STMICROELECTRONICS NV,2025-01-01 00:00:00+01:00,2025,1,1,21.574642181396484,23.73457711822809,25.57324132087297,20.862900226582163,101883059,892033602,19245305776.932243,19.245305776932245,2517000000.0,2517.0,841000000.0,56000000.0,-38000000.0,514000000.0,1.9115321590119432,61.887497,17.433098,1.8626987,1.2479833,,-24.23239012642986,-22.577668409720086,-46.05061433086375,Technology,Semiconductors,Netherlands,49602,2025-Q1
STMMI IM,STMICROELECTRONICS NV,2025-02-01 00:00:00+01:00,2025,1,2,23.447904586791992,20.759106685361687,26.759476744645916,20.423006711999243,96247100,892033602,20916318787.908382,20.91631878790838,2517000000.0,2517.0,841000000.0,56000000.0,-38000000.0,514000000.0,2.0775048458391323,61.887497,17.433098,1.8626987,1.2479833,,0.0,-24.23239012642986,-42.53932029051134,Technology,Semiconductors,Netherlands,49602,2025-Q1
STMMI IM,STMICROELECTRONICS NV,2025-03-01 00:00:00+01:00,2025,1,3,19.764646530151367,23.289740611063134,23.976767902410174,19.489835613612552,87744589,892033602,17630728836.547726,17.630728836547725,2517000000.0,2517.0,841000000.0,56000000.0,-38000000.0,514000000.0,1.751164961913759,61.887497,17.433098,1.8626987,1.2479833,,0.0,-24.23239012642986,-49.376214131518694,Technology,Semiconductors,Netherlands,49602,2025-Q1
STMMI IM,STMICROELECTRONICS NV,2025-04-01 00:00:00+02:00,2025,2,4,19.668750762939453,20.317890337199113,20.53129286134634,15.642890430179508,133732183,892033602,17545186589.90513,17.54518658990513,2766000000.0,2766.0,652000000.0,-10000000.0,-73000000.0,621000000.0,1.5857905450022711,61.887497,17.433098,1.8626987,1.2479833,,9.892729439809301,-16.736905478627328,-46.63468156521721,Technology,Semiconductors,Netherlands,49602,2025-Q2
STMMI IM,STMICROELECTRONICS NV,2025-05-01 00:00:00+02:00,2025,2,5,21.94074249267578,20.159080639525865,23.275749325831153,19.728305576245898,67443105,892033602,19571879556.296036,19.571879556296036,2766000000.0,2766.0,652000000.0,-10000000.0,-73000000.0,621000000.0,1.7689695911330474,61.887497,17.433098,1.8626987,1.2479833,,0.0,9.892729439809301,-40.69870892915488,Technology,Semiconductors,Netherlands,49602,2025-Q2
STMMI IM,STMICROELECTRONICS NV,2025-06-01 00:00:00+02:00,2025,2,6,25.752206802368164,21.504011968111755,26.546263273953564,21.315423295798595,78008793,892033602,22971833793.365376,22.971833793365377,2766000000.0,2766.0,652000000.0,-10000000.0,-73000000.0,621000000.0,2.0762684195015706,61.887497,17.433098,1.8626987,1.2479833,,0.0,9.892729439809301,-28.670017763851096,Technology,Semiconductors,Netherlands,49602,2025-Q2
STMMI IM,STMICROELECTRONICS NV,2025-07-01 00:00:00+02:00,2025,3,7,22.364076614379883,25.54186598021621,28.30126465968347,22.08514759008531,109789069,892033602,19949507817.72925,19.949507817729252,,,,,,,,61.887497,17.433098,1.8626987,1.2479833,,0.0,9.892729439809301,-25.528550142334694,Technology,Semiconductors,Netherlands,49602,2025-Q3
STMMI IM,STMICROELECTRONICS NV,2025-08-01 00:00:00+02:00,2025,3,8,23.156034469604492,22.120013984385803,23.92806790615864,20.775180504555173,62131254,892033602,20655960835.957455,20.655960835957455,,,,,,,,61.887497,17.433098,1.8626987,1.2479833,,0.0,0.0,-17.95813147965839,Technology,Semiconductors,Netherlands,49602,2025-Q3
STMMI IM,STMICROELECTRONICS NV,2025-09-01 00:00:00+02:00,2025,3,9,23.75373649597168,22.9418571426105,24.844546779400044,21.611965647758424,78004571,892033602,21189131127.460476,21.189131127460477,,,,,,,,61.887497,17.433098,1.8626987,1.2479833,,0.0,0.0,-9.143079343505478,Technology,Semiconductors,Netherlands,49602,2025-Q3
STMMI IM,STMICROELECTRONICS NV,2025-10-01 00:00:00+02:00,2025,4,10,24.7549991607666,23.844999313354492,25.15999984741211,23.71500015258789,21803051,892033602,22082291068.88561,22.08229106888561,,,,,,,,61.887497,17.433098,1.8626987,1.2479833,,0.0,0.0,0.41244247100620246,Technology,Semiconductors,Netherlands,49602,2025-Q4
