ticker,company_name,date,year,quarter,month,close_price,open_price,high_price,low_price,volume,shares_outstanding,market_cap,market_cap_billions,revenue,revenue_millions,gross_profit,net_income,operating_income,ebitda,ps_ratio,current_pe,forward_pe,current_ps,current_pb,peg_ratio,revenue_qoq_pct,revenue_yoy_pct,market_cap_yoy_pct,user_subscribers_millions,user_dau_millions,sector,industry,country,employees,year_quarter
STX,SEAGATE TECHNOLOGY,2015-01-01 00:00:00-05:00,2015,1,1,33.98489761352539,40.14481071573423,40.469967984904,33.90662079823578,79538900,212968277,7237705088.773914,7.2377050887739145,,,,,,,,33.08997,23.128866,5.2522187,-105.328636,,,,,,,Technology,Computer Hardware,Singapore,30000,2015-Q1
STX,SEAGATE TECHNOLOGY,2015-02-01 00:00:00-05:00,2015,1,2,36.802913665771484,34.02703903509615,37.700106141111355,33.653711686245,55219100,212968277,7837853111.979107,7.837853111979107,,,,,,,,33.08997,23.128866,5.2522187,-105.328636,,,,,,,Technology,Computer Hardware,Singapore,30000,2015-Q1
STX,SEAGATE TECHNOLOGY,2015-03-01 00:00:00-05:00,2015,1,3,31.612022399902344,37.18954271677383,38.514052040161175,31.435827991629647,89317100,212968277,6732357942.992607,6.732357942992607,,,,,,,,33.08997,23.128866,5.2522187,-105.328636,,,,,,,Technology,Computer Hardware,Singapore,30000,2015-Q1
STX,SEAGATE TECHNOLOGY,2015-04-01 00:00:00-04:00,2015,2,4,35.67670440673828,31.624189348566336,36.217444265161,31.016616057267434,76336500,212968277,7598006266.541359,7.598006266541359,,,,,,,,33.08997,23.128866,5.2522187,-105.328636,,,,,,,Technology,Computer Hardware,Singapore,30000,2015-Q2
STX,SEAGATE TECHNOLOGY,2015-05-01 00:00:00-04:00,2015,2,5,34.117637634277344,36.16567710506183,36.846313320252854,33.29596904805562,54266600,212968277,7265974502.282402,7.265974502282402,,,,,,,,33.08997,23.128866,5.2522187,-105.328636,,,,,,,Technology,Computer Hardware,Singapore,30000,2015-Q2
STX,SEAGATE TECHNOLOGY,2015-06-01 00:00:00-04:00,2015,2,6,29.126304626464844,34.17895302666706,34.41196177951489,29.07724867484434,79848600,212968277,6202978911.675346,6.202978911675347,,,,,,,,33.08997,23.128866,5.2522187,-105.328636,,,,,,,Technology,Computer Hardware,Singapore,30000,2015-Q2
STX,SEAGATE TECHNOLOGY,2015-07-01 00:00:00-04:00,2015,3,7,31.027183532714844,29.353187497230472,32.425247980782025,27.26222515923165,125027400,212968277,6607805817.125053,6.607805817125054,,,,,,,,33.08997,23.128866,5.2522187,-105.328636,,,,,,,Technology,Computer Hardware,Singapore,30000,2015-Q3
STX,SEAGATE TECHNOLOGY,2015-08-01 00:00:00-04:00,2015,3,8,31.517728805541992,31.143685357341006,32.247418550331155,27.97964895657376,99426100,212968277,6712276398.669546,6.712276398669546,,,,,,,,33.08997,23.128866,5.2522187,-105.328636,,,,,,,Technology,Computer Hardware,Singapore,30000,2015-Q3
STX,SEAGATE TECHNOLOGY,2015-09-01 00:00:00-04:00,2015,3,9,27.7628231048584,31.1340246236705,32.29906998244554,25.773567786406318,98659100,212968277,5912600601.297483,5.912600601297483,,,,,,,,33.08997,23.128866,5.2522187,-105.328636,,,,,,,Technology,Computer Hardware,Singapore,30000,2015-Q3
STX,SEAGATE TECHNOLOGY,2015-10-01 00:00:00-04:00,2015,4,10,23.58601188659668,27.769027506408285,30.67544787861846,22.80518098039697,140072500,212968277,5023072312.790014,5.023072312790014,,,,,,,,33.08997,23.128866,5.2522187,-105.328636,,,,,,,Technology,Computer Hardware,Singapore,30000,2015-Q4
STX,SEAGATE TECHNOLOGY,2015-11-01 00:00:00-04:00,2015,4,11,22.27223014831543,23.400094745473893,25.35216935962766,20.066078562836044,83726300,212968277,4743278479.6341915,4.743278479634191,,,,,,,,33.08997,23.128866,5.2522187,-105.328636,,,,,,,Technology,Computer Hardware,Singapore,30000,2015-Q4
STX,SEAGATE TECHNOLOGY,2015-12-01 00:00:00-05:00,2015,4,12,23.078577041625977,22.757517696192433,23.884374929354976,21.026309645766005,85057500,212968277,4915004788.1668415,4.915004788166842,,,,,,,,33.08997,23.128866,5.2522187,-105.328636,,,,,,,Technology,Computer Hardware,Singapore,30000,2015-Q4
STX,SEAGATE TECHNOLOGY,2016-01-01 00:00:00-05:00,2016,1,1,18.28785514831543,22.68197645351937,23.217078661502065,16.52517074874302,129734100,212968277,3894733000.9623165,3.8947330009623164,,,,,,,,33.08997,23.128866,5.2522187,-105.328636,,,,-46.188288232367114,,,Technology,Computer Hardware,Singapore,30000,2016-Q1
STX,SEAGATE TECHNOLOGY,2016-02-01 00:00:00-05:00,2016,1,2,19.742069244384766,18.294148932798354,21.18369410931293,17.796820654133995,113343100,212968277,4204434471.3913155,4.204434471391315,,,,,,,,33.08997,23.128866,5.2522187,-105.328636,,,,-46.35731990223954,,,Technology,Computer Hardware,Singapore,30000,2016-Q1
STX,SEAGATE TECHNOLOGY,2016-03-01 00:00:00-05:00,2016,1,3,22.120243072509766,20.418684971006794,24.04653415372561,20.322370661886577,108565300,212968277,4710910053.973591,4.710910053973591,,,,,,,,33.08997,23.128866,5.2522187,-105.328636,,,,-30.02585284585241,,,Technology,Computer Hardware,Singapore,30000,2016-Q1
STX,SEAGATE TECHNOLOGY,2016-04-01 00:00:00-04:00,2016,2,4,13.978452682495117,21.76709036756212,22.98065336630444,13.875717255337191,205971800,212968277,2976966982.917013,2.976966982917013,,,,,,,,33.08997,23.128866,5.2522187,-105.328636,,,,-60.819103347855766,,,Technology,Computer Hardware,Singapore,30000,2016-Q2
STX,SEAGATE TECHNOLOGY,2016-05-01 00:00:00-04:00,2016,2,5,14.485708236694336,13.573930431365449,14.51139270501201,11.827427000957845,169629300,212968277,3084996324.293501,3.084996324293501,,,,,,,,33.08997,23.128866,5.2522187,-105.328636,,,,-57.54187792257686,,,Technology,Computer Hardware,Singapore,30000,2016-Q2
STX,SEAGATE TECHNOLOGY,2016-06-01 00:00:00-04:00,2016,2,6,16.149951934814453,14.777604039129846,16.507955128920603,13.769889190249758,130477300,212968277,3439427437.1902504,3.4394274371902505,,,,,,,,33.08997,23.128866,5.2522187,-105.328636,,,,-44.55200499365708,,,Technology,Computer Hardware,Singapore,30000,2016-Q2
STX,SEAGATE TECHNOLOGY,2016-07-01 00:00:00-04:00,2016,3,7,21.234928131103516,16.050502972393318,21.89789812612047,14.645007291085724,138545300,212968277,4522366056.299946,4.522366056299946,,,,,,,,33.08997,23.128866,5.2522187,-105.328636,,,,-31.56024584470081,,,Technology,Computer Hardware,Singapore,30000,2016-Q3
STX,SEAGATE TECHNOLOGY,2016-08-01 00:00:00-04:00,2016,3,8,22.368614196777344,21.21504501150345,22.633800742002872,19.948772113540553,99251900,212968277,4763805224.36541,4.763805224365409,,,,,,,,33.08997,23.128866,5.2522187,-105.328636,,,,-29.028470500564406,,,Technology,Computer Hardware,Singapore,30000,2016-Q3
STX,SEAGATE TECHNOLOGY,2016-09-01 00:00:00-04:00,2016,3,9,25.557491302490234,22.38186460572444,25.88234769376044,22.1034184380897,102744600,212968277,5442934887.133831,5.4429348871338314,,,,,,,,33.08997,23.128866,5.2522187,-105.328636,,,,-7.9434710009092635,,,Technology,Computer Hardware,Singapore,30000,2016-Q3
STX,SEAGATE TECHNOLOGY,2016-10-01 00:00:00-04:00,2016,4,10,23.147127151489258,26.01437537230719,26.5338535940841,22.627648929712347,109925800,212968277,4929603786.952585,4.929603786952585,,,,,,,,33.08997,23.128866,5.2522187,-105.328636,,,,-1.8607839986582442,,,Technology,Computer Hardware,Singapore,30000,2016-Q4
STX,SEAGATE TECHNOLOGY,2016-11-01 00:00:00-04:00,2016,4,11,27.053325653076172,23.187601226474573,27.168016904950402,21.892281084472348,82614800,212968277,5761500151.455532,5.761500151455532,,,,,,,,33.08997,23.128866,5.2522187,-105.328636,,,,21.46662221484974,,,Technology,Computer Hardware,Singapore,30000,2016-Q4
STX,SEAGATE TECHNOLOGY,2016-12-01 00:00:00-05:00,2016,4,12,25.75125503540039,27.478350959345878,27.964097250924443,24.624596643466003,84077200,212968277,5484200415.476795,5.484200415476796,,,,,,,,33.08997,23.128866,5.2522187,-105.328636,,,,11.580774624682455,,,Technology,Computer Hardware,Singapore,30000,2016-Q4
STX,SEAGATE TECHNOLOGY,2017-01-01 00:00:00-05:00,2017,1,1,30.959131240844727,26.37182987682698,32.00824378582292,24.36960167128442,143146200,212968277,6593312837.779573,6.593312837779574,,,,,,,,33.08997,23.128866,5.2522187,-105.328636,,,,69.28792900952357,,,Technology,Computer Hardware,Singapore,30000,2017-Q1
STX,SEAGATE TECHNOLOGY,2017-02-01 00:00:00-05:00,2017,1,2,33.043636322021484,31.274544838445454,33.3796279742699,30.20485985172889,84637400,212968277,7037246293.315533,7.037246293315532,,,,,,,,33.08997,23.128866,5.2522187,-105.328636,,,,67.37676234936762,,,Technology,Computer Hardware,Singapore,30000,2017-Q1
STX,SEAGATE TECHNOLOGY,2017-03-01 00:00:00-05:00,2017,1,3,31.49396324157715,33.35905398602933,34.14074566106645,29.964864109304543,89991900,212968277,6707215087.46002,6.70721508746002,,,,,,,,33.08997,23.128866,5.2522187,-105.328636,,,,42.37620779455493,,,Technology,Computer Hardware,Singapore,30000,2017-Q1
STX,SEAGATE TECHNOLOGY,2017-04-01 00:00:00-04:00,2017,2,4,29.28192138671875,31.714551869870565,35.41909919836478,28.635536503372723,123552000,212968277,6236120344.978943,6.236120344978943,,,,,,,,33.08997,23.128866,5.2522187,-105.328636,,,,109.47898921164429,,,Technology,Computer Hardware,Singapore,30000,2017-Q2
STX,SEAGATE TECHNOLOGY,2017-05-01 00:00:00-04:00,2017,2,5,30.28276824951172,29.247164386375584,30.623337617765458,28.962196611115665,90824100,212968277,6449268976.888817,6.449268976888817,,,,,,,,33.08997,23.128866,5.2522187,-105.328636,,,,109.05272807304796,,,Technology,Computer Hardware,Singapore,30000,2017-Q2
STX,SEAGATE TECHNOLOGY,2017-06-01 00:00:00-04:00,2017,2,6,26.93268585205078,30.275815037464454,30.275815037464454,26.606017588121034,91193400,212968277,5735807700.893532,5.735807700893532,,,,,,,,33.08997,23.128866,5.2522187,-105.328636,,,,66.7663529944754,,,Technology,Computer Hardware,Singapore,30000,2017-Q2
STX,SEAGATE TECHNOLOGY,2017-07-01 00:00:00-04:00,2017,3,7,23.257030487060547,27.462488140599536,28.344505401410718,22.49496762755375,145869400,212968277,4953009710.965755,4.953009710965755,,,,,,,,33.08997,23.128866,5.2522187,-105.328636,,,,9.52252978429058,,,Technology,Computer Hardware,Singapore,30000,2017-Q3
STX,SEAGATE TECHNOLOGY,2017-08-01 00:00:00-04:00,2017,3,8,22.248003005981445,23.32053493056984,24.01203611314891,21.591781974122163,103288900,212968277,4738118866.874689,4.738118866874689,,,,,,,,33.08997,23.128866,5.2522187,-105.328636,,,,-0.5391983148123503,,,Technology,Computer Hardware,Singapore,30000,2017-Q3
STX,SEAGATE TECHNOLOGY,2017-09-01 00:00:00-04:00,2017,3,9,23.405210494995117,22.290341993460437,23.934420891144033,21.79641175204746,102515100,212968277,4984567351.941427,4.984567351941427,,,,,,,,33.08997,23.128866,5.2522187,-105.328636,,,,-8.421330489841171,,,Technology,Computer Hardware,Singapore,30000,2017-Q3
STX,SEAGATE TECHNOLOGY,2017-10-01 00:00:00-04:00,2017,4,10,26.58622932434082,24.19152579694908,29.412409630216008,23.839153734615508,142245600,212968277,5662023451.131739,5.662023451131739,,,,,,,,33.08997,23.128866,5.2522187,-105.328636,,,,14.857576710681752,,,Technology,Computer Hardware,Singapore,30000,2017-Q4
STX,SEAGATE TECHNOLOGY,2017-11-01 00:00:00-04:00,2017,4,11,27.729644775390625,26.88107143171742,29.225433262759804,25.939010450314157,76094600,212968277,5905534669.636993,5.905534669636993,,,,,,,,33.08997,23.128866,5.2522187,-105.328636,,,,2.4999481800772605,,,Technology,Computer Hardware,Singapore,30000,2017-Q4
STX,SEAGATE TECHNOLOGY,2017-12-01 00:00:00-05:00,2017,4,12,30.088388442993164,27.549861337653116,30.97291769434455,26.787582825383236,75339600,212968277,6407872244.410967,6.407872244410967,,,,,,,,33.08997,23.128866,5.2522187,-105.328636,,,,16.842415647821785,,,Technology,Computer Hardware,Singapore,30000,2017-Q4
STX,SEAGATE TECHNOLOGY,2018-01-01 00:00:00-05:00,2018,1,1,40.28635025024414,30.908095073274314,41.1986317197512,30.586972998270184,127038000,212968277,8579714599.413013,8.579714599413013,,,,,,,,33.08997,23.128866,5.2522187,-105.328636,,,,30.12752178618601,,,Technology,Computer Hardware,Singapore,30000,2018-Q1
STX,SEAGATE TECHNOLOGY,2018-02-01 00:00:00-05:00,2018,1,2,38.972660064697266,39.93602893963929,40.527185467771794,33.6595316328872,82280800,212968277,8299940264.085285,8.299940264085285,,,,,,,,33.08997,23.128866,5.2522187,-105.328636,,,,17.943012339487787,,,Technology,Computer Hardware,Singapore,30000,2018-Q1
STX,SEAGATE TECHNOLOGY,2018-03-01 00:00:00-05:00,2018,1,3,42.70935821533203,39.27918024837195,44.52662085865513,38.46907407414254,96681300,212968277,9095738430.895058,9.095738430895057,,,,,,,,33.08997,23.128866,5.2522187,-105.328636,,,,35.61125313993108,,,Technology,Computer Hardware,Singapore,30000,2018-Q1
STX,SEAGATE TECHNOLOGY,2018-04-01 00:00:00-04:00,2018,2,4,42.69488525390625,43.513530083589906,46.24234524473349,41.352603703518824,74807600,212968277,9092656149.237122,9.092656149237122,,,,,,,,33.08997,23.128866,5.2522187,-105.328636,,,,45.80629696407541,,,Technology,Computer Hardware,Singapore,30000,2018-Q2
STX,SEAGATE TECHNOLOGY,2018-05-01 00:00:00-04:00,2018,2,5,41.559120178222656,38.284542689045175,44.2584347767977,36.19736911582949,80761300,212968277,8850774217.992012,8.850774217992011,,,,,,,,33.08997,23.128866,5.2522187,-105.328636,,,,37.23685970780679,,,Technology,Computer Hardware,Singapore,30000,2018-Q2
STX,SEAGATE TECHNOLOGY,2018-06-01 00:00:00-04:00,2018,2,6,41.647621154785156,41.743496420315154,44.19943146027511,39.988206499700794,64248000,212968277,8869622118.483345,8.869622118483345,,,,,,,,33.08997,23.128866,5.2522187,-105.328636,,,,54.63597423431095,,,Technology,Computer Hardware,Singapore,30000,2018-Q2
STX,SEAGATE TECHNOLOGY,2018-07-01 00:00:00-04:00,2018,3,7,39.22719192504883,41.31453722515696,44.47537650641669,38.712811288269066,52275500,212968277,8354147475.825962,8.354147475825963,,,,,,,,33.08997,23.128866,5.2522187,-105.328636,,,,68.66810209013381,,,Technology,Computer Hardware,Singapore,30000,2018-Q3
STX,SEAGATE TECHNOLOGY,2018-08-01 00:00:00-04:00,2018,3,8,39.913028717041016,39.2346415407022,42.64148737442142,37.303846832079,74391700,212968277,8500208955.719746,8.500208955719746,,,,,,,,33.08997,23.128866,5.2522187,-105.328636,,,,79.40050037888918,,,Technology,Computer Hardware,Singapore,30000,2018-Q3
STX,SEAGATE TECHNOLOGY,2018-09-01 00:00:00-04:00,2018,3,9,35.29850769042969,38.198429811851504,38.4220734384145,34.33683981183051,90462400,212968277,7517462363.50206,7.51746236350206,,,,,,,,33.08997,23.128866,5.2522187,-105.328636,,,,50.81474143536453,,,Technology,Computer Hardware,Singapore,30000,2018-Q3
STX,SEAGATE TECHNOLOGY,2018-10-01 00:00:00-04:00,2018,4,10,30.390050888061523,36.08582553698584,36.4937463793723,27.71590698573027,92811200,212968277,6472116775.5727825,6.472116775572783,,,,,,,,33.08997,23.128866,5.2522187,-105.328636,,,,14.307487975506717,,,Technology,Computer Hardware,Singapore,30000,2018-Q4
STX,SEAGATE TECHNOLOGY,2018-11-01 00:00:00-04:00,2018,4,11,32.55051803588867,30.631781778769373,35.04336287933217,30.46559404364094,96315600,212968277,6932227741.560635,6.932227741560634,,,,,,,,33.08997,23.128866,5.2522187,-105.328636,,,,17.385268724309277,,,Technology,Computer Hardware,Singapore,30000,2018-Q4
STX,SEAGATE TECHNOLOGY,2018-12-01 00:00:00-05:00,2018,4,12,29.151172637939453,33.21526539017564,33.895130343496895,26.726315495957433,84634100,212968277,6208275009.23151,6.20827500923151,,,,,,,,33.08997,23.128866,5.2522187,-105.328636,,,,-3.114875384002047,,,Technology,Computer Hardware,Singapore,30000,2018-Q4
STX,SEAGATE TECHNOLOGY,2019-01-01 00:00:00-05:00,2019,1,1,34.0220947265625,29.135451790891395,35.58182694092579,28.02136112046917,77873400,212968277,7245626893.846802,7.245626893846802,,,,,,,,33.08997,23.128866,5.2522187,-105.328636,,,,-15.549324981713076,,,Technology,Computer Hardware,Singapore,30000,2019-Q1
STX,SEAGATE TECHNOLOGY,2019-02-01 00:00:00-05:00,2019,1,2,35.77391052246094,34.1142962829696,37.59487545430928,33.315222000366695,71385700,212968277,7618708085.520676,7.618708085520676,,,,,,,,33.08997,23.128866,5.2522187,-105.328636,,,,-8.207675680659687,,,Technology,Computer Hardware,Singapore,30000,2019-Q1
STX,SEAGATE TECHNOLOGY,2019-03-01 00:00:00-05:00,2019,1,3,36.79580307006836,35.88147950188932,37.96368025159063,34.11429804298789,68076700,212968277,7836338780.663769,7.836338780663769,,,,,,,,33.08997,23.128866,5.2522187,-105.328636,,,,-13.846040756334265,,,Technology,Computer Hardware,Singapore,30000,2019-Q1
STX,SEAGATE TECHNOLOGY,2019-04-01 00:00:00-04:00,2019,2,4,37.6182861328125,37.657211745768734,39.9227168698947,33.81130357091531,65238700,212968277,8011501581.398071,8.011501581398072,,,,,,,,33.08997,23.128866,5.2522187,-105.328636,,,,-11.89041518885282,,,Technology,Computer Hardware,Singapore,30000,2019-Q2
STX,SEAGATE TECHNOLOGY,2019-05-01 00:00:00-04:00,2019,2,5,32.581233978271484,38.723791920037286,38.77828837209536,32.54230836534913,69080200,212968277,6938769262.886333,6.938769262886334,,,,,,,,33.08997,23.128866,5.2522187,-105.328636,,,,-21.60268591214225,,,Technology,Computer Hardware,Singapore,30000,2019-Q2
STX,SEAGATE TECHNOLOGY,2019-06-01 00:00:00-04:00,2019,2,6,36.68405532836914,32.674657933198084,37.31466092827199,32.40995961630682,57881300,212968277,7812540056.655445,7.812540056655445,,,,,,,,33.08997,23.128866,5.2522187,-105.328636,,,,-11.91800561181805,,,Technology,Computer Hardware,Singapore,30000,2019-Q2
STX,SEAGATE TECHNOLOGY,2019-07-01 00:00:00-04:00,2019,3,7,36.57285690307617,38.515616389799185,39.16320288537352,36.035833514655685,44869900,212968277,7788858319.615688,7.788858319615688,,,,,,,,33.08997,23.128866,5.2522187,-105.328636,,,,-6.7665690346744185,,,Technology,Computer Hardware,Singapore,30000,2019-Q3
STX,SEAGATE TECHNOLOGY,2019-08-01 00:00:00-04:00,2019,3,8,39.65283966064453,36.48598398682352,40.39519709480794,33.24804858887076,68004400,212968277,8444796940.684731,8.44479694068473,,,,,,,,33.08997,23.128866,5.2522187,-105.328636,,,,-0.651890033805913,,,Technology,Computer Hardware,Singapore,30000,2019-Q3
STX,SEAGATE TECHNOLOGY,2019-09-01 00:00:00-04:00,2019,3,9,42.48012161254883,39.242185325575164,45.17313529076619,38.69726572943833,73430500,212968277,9046918306.574986,9.046918306574986,,,,,,,,33.08997,23.128866,5.2522187,-105.328636,,,,20.345375462051773,,,Technology,Computer Hardware,Singapore,30000,2019-Q3
STX,SEAGATE TECHNOLOGY,2019-10-01 00:00:00-04:00,2019,4,10,46.38256072998047,43.161439464178,46.47048266858624,40.85949517235905,45287000,212968277,9878014041.511803,9.878014041511802,,,,,,,,33.08997,23.128866,5.2522187,-105.328636,,,,52.62416275913993,,,Technology,Computer Hardware,Singapore,30000,2019-Q4
STX,SEAGATE TECHNOLOGY,2019-11-01 00:00:00-04:00,2019,4,11,47.70138168334961,44.36036645255017,48.412745630509086,43.6490025053907,39212800,212968277,10158881067.622326,10.158881067622326,,,,,,,,33.08997,23.128866,5.2522187,-105.328636,,,,46.54569131820363,,,Technology,Computer Hardware,Singapore,30000,2019-Q4
STX,SEAGATE TECHNOLOGY,2019-12-01 00:00:00-05:00,2019,4,12,47.557518005371094,47.957161013819594,48.6205698713805,44.77600303245366,51636000,212968277,10128242668.000359,10.12824266800036,,,,,,,,33.08997,23.128866,5.2522187,-105.328636,,,,63.141011842097505,,,Technology,Computer Hardware,Singapore,30000,2019-Q4
STX,SEAGATE TECHNOLOGY,2020-01-01 00:00:00-05:00,2020,1,1,46.04710388183594,48.325623184694294,51.848438055040624,45.87742455162427,45966300,212968277,9806572374.554611,9.80657237455461,,,,,,,,33.08997,23.128866,5.2522187,-105.328636,,,,35.3447054095849,,,Technology,Computer Hardware,Singapore,30000,2020-Q1
STX,SEAGATE TECHNOLOGY,2020-02-01 00:00:00-05:00,2020,1,2,38.74290466308594,46.72580212633324,48.35793009540229,37.32893006284353,63556800,212968277,8251009652.072678,8.251009652072678,,,,,,,,33.08997,23.128866,5.2522187,-105.328636,,,,8.299327910380082,,,Technology,Computer Hardware,Singapore,30000,2020-Q1
STX,SEAGATE TECHNOLOGY,2020-03-01 00:00:00-05:00,2020,1,3,39.42969512939453,39.599371359059724,41.70013568665382,31.52759725516607,86871200,212968277,8397274234.342445,8.397274234342445,,,,,,,,33.08997,23.128866,5.2522187,-105.328636,,,,7.158131742119034,,,Technology,Computer Hardware,Singapore,30000,2020-Q1
STX,SEAGATE TECHNOLOGY,2020-04-01 00:00:00-04:00,2020,2,4,41.01258087158203,38.910633689403845,43.738541910578284,37.31775382246912,57443300,212968277,8734378683.543983,8.734378683543984,,,,,,,,33.08997,23.128866,5.2522187,-105.328636,,,,9.022991443006912,,,Technology,Computer Hardware,Singapore,30000,2020-Q2
STX,SEAGATE TECHNOLOGY,2020-05-01 00:00:00-04:00,2020,2,5,43.54970169067383,39.86308347210946,43.81244473385167,37.843245153125714,43717500,212968277,9274704932.926792,9.274704932926792,,,,,,,,33.08997,23.128866,5.2522187,-105.328636,,,,33.664985554927874,,,Technology,Computer Hardware,Singapore,30000,2020-Q2
STX,SEAGATE TECHNOLOGY,2020-06-01 00:00:00-04:00,2020,2,6,39.74812698364258,43.213054579600865,45.80764403630672,37.999241356755626,77190400,212968277,8465090117.683567,8.465090117683568,,,,,,,,33.08997,23.128866,5.2522187,-105.328636,,,,8.352597955286246,,,Technology,Computer Hardware,Singapore,30000,2020-Q2
STX,SEAGATE TECHNOLOGY,2020-07-01 00:00:00-04:00,2020,3,7,37.60908126831055,40.228906936528,42.26655123801968,36.203520953257055,80352000,212968277,8009541237.265072,8.009541237265072,,,,,,,,33.08997,23.128866,5.2522187,-105.328636,,,,2.833315340883913,,,Technology,Computer Hardware,Singapore,30000,2020-Q3
STX,SEAGATE TECHNOLOGY,2020-08-01 00:00:00-04:00,2020,3,8,39.91286849975586,37.775418853333605,40.087522918394626,36.73580468622094,57836700,212968277,8500174834.52058,8.50017483452058,,,,,,,,33.08997,23.128866,5.2522187,-105.328636,,,,0.6557634745372631,,,Technology,Computer Hardware,Singapore,30000,2020-Q3
STX,SEAGATE TECHNOLOGY,2020-09-01 00:00:00-04:00,2020,3,9,40.977439880371094,39.9295068317245,42.16675895871138,37.63403972720308,64248100,212968277,8726894767.193718,8.726894767193718,,,,,,,,33.08997,23.128866,5.2522187,-105.328636,,,,-3.5373762483152493,,,Technology,Computer Hardware,Singapore,30000,2020-Q3
STX,SEAGATE TECHNOLOGY,2020-10-01 00:00:00-04:00,2020,4,10,40.314815521240234,42.000922412855445,44.68183262780313,39.55606613361592,63758300,212968277,8585776799.13139,8.58577679913139,,,,,,,,33.08997,23.128866,5.2522187,-105.328636,,,,-13.081953892248565,,,Technology,Computer Hardware,Singapore,30000,2020-Q4
STX,SEAGATE TECHNOLOGY,2020-11-01 00:00:00-04:00,2020,4,11,49.5799674987793,40.87122505554882,50.026784734595,40.42440781973311,57800600,212968277,10558960251.931026,10.558960251931026,,,,,,,,33.08997,23.128866,5.2522187,-105.328636,,,,3.9382209678958224,,,Technology,Computer Hardware,Singapore,30000,2020-Q4
STX,SEAGATE TECHNOLOGY,2020-12-01 00:00:00-05:00,2020,4,12,52.40419006347656,50.035209265438425,56.22322348539498,49.61368263905397,61830100,212968277,11160430065.399124,11.160430065399124,,,,,,,,33.08997,23.128866,5.2522187,-105.328636,,,,10.191179568198017,,,Technology,Computer Hardware,Singapore,30000,2020-Q4
STX,SEAGATE TECHNOLOGY,2021-01-01 00:00:00-05:00,2021,1,1,56.32280349731445,53.060304532339764,65.6503065341155,49.44003978762966,102776300,212968277,11994970416.632633,11.994970416632633,,,,,,,,33.08997,23.128866,5.2522187,-105.328636,,,,22.315626280965617,,,Technology,Computer Hardware,Singapore,30000,2021-Q1
STX,SEAGATE TECHNOLOGY,2021-02-01 00:00:00-05:00,2021,1,2,62.37928009033203,55.88835746533485,64.98586804653999,55.752062056395005,45781900,212968277,13284807801.338417,13.284807801338417,,,,,,,,33.08997,23.128866,5.2522187,-105.328636,,,,61.008268824424825,,,Technology,Computer Hardware,Singapore,30000,2021-Q1
STX,SEAGATE TECHNOLOGY,2021-03-01 00:00:00-05:00,2021,1,3,65.37771606445312,64.1340495419904,66.47657357035843,59.93454256935913,80829400,212968277,13923379544.441803,13.923379544441802,,,,,,,,33.08997,23.128866,5.2522187,-105.328636,,,,65.80832250897761,,,Technology,Computer Hardware,Singapore,30000,2021-Q1
STX,SEAGATE TECHNOLOGY,2021-04-01 00:00:00-04:00,2021,2,4,79.78755950927734,66.39796705394228,83.46583697054197,66.00263954667916,67377900,212968277,16992219074.725761,16.99221907472576,,,,,,,,33.08997,23.128866,5.2522187,-105.328636,,,,94.54410771930432,,,Technology,Computer Hardware,Singapore,30000,2021-Q2
STX,SEAGATE TECHNOLOGY,2021-05-01 00:00:00-04:00,2021,2,5,82.28843688964844,80.78447068017707,91.28645291768365,72.09584251120346,87993900,212968277,17524826621.411667,17.524826621411666,,,,,,,,33.08997,23.128866,5.2522187,-105.328636,,,,88.9529289411195,,,Technology,Computer Hardware,Singapore,30000,2021-Q2
STX,SEAGATE TECHNOLOGY,2021-06-01 00:00:00-04:00,2021,2,6,76.13470458984375,84.98375236813966,88.01424782065438,72.46347766275069,48330900,212968277,16214276856.403015,16.214276856403014,,,,,,,,33.08997,23.128866,5.2522187,-105.328636,,,,91.54287350741137,,,Technology,Computer Hardware,Singapore,30000,2021-Q2
STX,SEAGATE TECHNOLOGY,2021-07-01 00:00:00-04:00,2021,3,7,76.10872650146484,76.28189501990236,78.5504396047849,68.28138923969814,44343900,212968277,16208744347.681206,16.208744347681204,,,,,,,,33.08997,23.128866,5.2522187,-105.328636,,,,102.3679492686628,,,Technology,Computer Hardware,Singapore,30000,2021-Q3
STX,SEAGATE TECHNOLOGY,2021-08-01 00:00:00-04:00,2021,3,8,75.84029388427734,76.75810537345437,81.80604544308756,73.28602233653866,41022700,212968277,16151576715.708183,16.151576715708185,,,,,,,,33.08997,23.128866,5.2522187,-105.328636,,,,90.01464122966067,,,Technology,Computer Hardware,Singapore,30000,2021-Q3
STX,SEAGATE TECHNOLOGY,2021-09-01 00:00:00-04:00,2021,3,9,71.4504165649414,76.38579850946353,78.6197080231118,70.38541764733483,45495900,212968277,15216672106.76783,15.21667210676783,,,,,,,,33.08997,23.128866,5.2522187,-105.328636,,,,74.36525262079002,,,Technology,Computer Hardware,Singapore,30000,2021-Q3
STX,SEAGATE TECHNOLOGY,2021-10-01 00:00:00-04:00,2021,4,10,77.74978637695312,73.03608966076571,78.55285880703917,68.26128975228369,53228100,212968277,16558238041.81778,16.55823804181778,,,,,,,,33.08997,23.128866,5.2522187,-105.328636,,,,92.85660959056091,,,Technology,Computer Hardware,Singapore,30000,2021-Q4
STX,SEAGATE TECHNOLOGY,2021-11-01 00:00:00-04:00,2021,4,11,89.62130737304688,78.16877853209488,102.068955735604,78.0902134852388,56547800,212968277,19086495413.72519,19.08649541372519,,,,,,,,33.08997,23.128866,5.2522187,-105.328636,,,,80.76112570112804,,,Technology,Computer Hardware,Singapore,30000,2021-Q4
STX,SEAGATE TECHNOLOGY,2021-12-01 00:00:00-05:00,2021,4,12,98.62096405029297,90.92193017720295,101.56265423817358,87.35173968120108,41190900,212968277,21003136789.869835,21.003136789869835,,,,,,,,33.08997,23.128866,5.2522187,-105.328636,,,,88.19289818397075,,,Technology,Computer Hardware,Singapore,30000,2021-Q4
STX,SEAGATE TECHNOLOGY,2022-01-01 00:00:00-05:00,2022,1,1,94.15887451171875,99.325966584789,103.4034011535495,80.7490321810413,54351300,212968277,20052853269.01996,20.05285326901996,,,,,,,,33.08997,23.128866,5.2522187,-105.328636,,,,67.17717987210699,,,Technology,Computer Hardware,Singapore,30000,2022-Q1
STX,SEAGATE TECHNOLOGY,2022-02-01 00:00:00-05:00,2022,1,2,90.65262603759766,94.15886655131301,99.73897528123592,87.37485764450403,34916900,212968277,19306133572.75251,19.30613357275251,,,,,,,,33.08997,23.128866,5.2522187,-105.328636,,,,45.32489939980506,,,Technology,Computer Hardware,Singapore,30000,2022-Q1
STX,SEAGATE TECHNOLOGY,2022-03-01 00:00:00-05:00,2022,1,3,79.00030517578125,90.33627892455938,93.69313250120402,74.26380251224208,46663700,212968277,16824558875.760315,16.824558875760314,,,,,,,,33.08997,23.128866,5.2522187,-105.328636,,,,20.83674672559408,,,Technology,Computer Hardware,Singapore,30000,2022-Q1
STX,SEAGATE TECHNOLOGY,2022-04-01 00:00:00-04:00,2022,2,4,72.63232421875,80.11334458860733,81.27312908983107,69.8966566482417,38010700,212968277,15468380943.372559,15.468380943372559,,,,,,,,33.08997,23.128866,5.2522187,-105.328636,,,,-8.967858315926257,,,Technology,Computer Hardware,Singapore,30000,2022-Q2
STX,SEAGATE TECHNOLOGY,2022-05-01 00:00:00-04:00,2022,2,5,74.96073150634766,72.68543847149115,78.13020784806737,67.53282900030356,41121800,212968277,15964257831.566475,15.964257831566474,,,,,,,,33.08997,23.128866,5.2522187,-105.328636,,,,-8.904902876120346,,,Technology,Computer Hardware,Singapore,30000,2022-Q2
STX,SEAGATE TECHNOLOGY,2022-06-01 00:00:00-04:00,2022,2,6,63.24784851074219,75.34142816092621,76.51891628319427,61.77820046258481,38403600,212968277,13469785321.28978,13.46978532128978,,,,,,,,33.08997,23.128866,5.2522187,-105.328636,,,,-16.926388758616984,,,Technology,Computer Hardware,Singapore,30000,2022-Q2
STX,SEAGATE TECHNOLOGY,2022-07-01 00:00:00-04:00,2022,3,7,71.50764465332031,63.48784429188056,74.9051029046526,60.224490939270346,47015600,212968277,15228859874.14589,15.22885987414589,,,,,,,,33.08997,23.128866,5.2522187,-105.328636,,,,-6.045406433197876,,,Technology,Computer Hardware,Singapore,30000,2022-Q3
STX,SEAGATE TECHNOLOGY,2022-08-01 00:00:00-04:00,2022,3,8,59.866859436035156,70.60463003858763,74.77993063251523,58.203890549933746,39165900,212968277,12749741903.493599,12.749741903493598,,,,,,,,33.08997,23.128866,5.2522187,-105.328636,,,,-21.061936379908573,,,Technology,Computer Hardware,Singapore,30000,2022-Q3
STX,SEAGATE TECHNOLOGY,2022-09-01 00:00:00-04:00,2022,3,9,47.59128952026367,58.19494434020263,62.45071442719408,47.42141764857626,49592100,212968277,10135434929.33871,10.135434929338711,,,,,,,,33.08997,23.128866,5.2522187,-105.328636,,,,-33.392565350535264,,,Technology,Computer Hardware,Singapore,30000,2022-Q3
STX,SEAGATE TECHNOLOGY,2022-10-01 00:00:00-04:00,2022,4,10,44.90630340576172,48.442019072372226,52.44795822668351,44.83396318817324,74121200,212968277,9563618062.764305,9.563618062764306,,,,,,,,33.08997,23.128866,5.2522187,-105.328636,,,,-42.24253789194589,,,Technology,Computer Hardware,Singapore,30000,2022-Q4
STX,SEAGATE TECHNOLOGY,2022-11-01 00:00:00-04:00,2022,4,11,47.89945983886719,45.6658989261523,52.50222087851429,42.92594609443476,47745200,212968277,10201065431.114243,10.201065431114243,,,,,,,,33.08997,23.128866,5.2522187,-105.328636,,,,-46.553491303706764,,,Technology,Computer Hardware,Singapore,30000,2022-Q4
STX,SEAGATE TECHNOLOGY,2022-12-01 00:00:00-05:00,2022,4,12,47.57392501831055,48.234045586317514,52.61073826216824,44.255232808439914,49512000,212968277,10131736841.27679,10.13173684127679,,,,,,,,33.08997,23.128866,5.2522187,-105.328636,,,,-51.760839618187426,,,Technology,Computer Hardware,Singapore,30000,2022-Q4
STX,SEAGATE TECHNOLOGY,2023-01-01 00:00:00-05:00,2023,1,1,62.14491653442383,48.44699702420946,65.09721383016323,46.70495750860699,63916100,212968277,13234895798.645054,13.234895798645054,,,,,,,,33.08997,23.128866,5.2522187,-105.328636,,,,-33.999936961131105,,,Technology,Computer Hardware,Singapore,30000,2023-Q1
STX,SEAGATE TECHNOLOGY,2023-02-01 00:00:00-05:00,2023,1,2,59.19260787963867,62.264101144486254,67.60940123385251,58.725013300867026,39484400,212968277,12606147711.263271,12.60614771126327,,,,,,,,33.08997,23.128866,5.2522187,-105.328636,,,,-34.703923684363126,,,Technology,Computer Hardware,Singapore,30000,2023-Q1
STX,SEAGATE TECHNOLOGY,2023-03-01 00:00:00-05:00,2023,1,3,60.6229248046875,58.89005598859409,60.70543903635732,53.92982865076183,55716700,212968277,12910759842.354858,12.910759842354858,,,,,,,,33.08997,23.128866,5.2522187,-105.328636,,,,-23.2624169364951,,,Technology,Computer Hardware,Singapore,30000,2023-Q1
STX,SEAGATE TECHNOLOGY,2023-04-01 00:00:00-04:00,2023,2,4,54.49869918823242,61.2032349567249,62.89096024374754,50.37211672987199,50476600,212968277,11606494064.859158,11.606494064859158,,,,,,,,33.08997,23.128866,5.2522187,-105.328636,,,,-24.96632900787221,,,Technology,Computer Hardware,Singapore,30000,2023-Q2
STX,SEAGATE TECHNOLOGY,2023-05-01 00:00:00-04:00,2023,2,5,55.73202896118164,54.47087450649132,58.98692988758415,50.51121069254271,46815100,212968277,11869154181.576954,11.869154181576954,,,,,,,,33.08997,23.128866,5.2522187,-105.328636,,,,-25.651700775542373,,,Technology,Computer Hardware,Singapore,30000,2023-Q2
STX,SEAGATE TECHNOLOGY,2023-06-01 00:00:00-04:00,2023,2,6,57.37339782714844,56.1029679726348,62.08419065380544,52.912982306847,46627300,212968277,12218713680.883347,12.218713680883347,,,,,,,,33.08997,23.128866,5.2522187,-105.328636,,,,-9.287985001728583,,,Technology,Computer Hardware,Singapore,30000,2023-Q2
STX,SEAGATE TECHNOLOGY,2023-07-01 00:00:00-04:00,2023,3,7,59.53303909301758,58.12674683097779,60.98621062490095,53.73911468730277,47082400,212968277,12678648760.213596,12.678648760213596,,,,,,,,33.08997,23.128866,5.2522187,-105.328636,,,,-16.7459096413501,,,Technology,Computer Hardware,Singapore,30000,2023-Q3
STX,SEAGATE TECHNOLOGY,2023-08-01 00:00:00-04:00,2023,3,8,66.36762237548828,59.16740548743142,66.52700045339719,59.13928078577367,48430600,212968277,14134198185.894386,14.134198185894386,,,,,,,,33.08997,23.128866,5.2522187,-105.328636,,,,10.858700457469084,,,Technology,Computer Hardware,Singapore,30000,2023-Q3
STX,SEAGATE TECHNOLOGY,2023-09-01 00:00:00-04:00,2023,3,9,61.829978942871094,67.03326306269246,69.85522481118481,58.529882985465996,71393400,212968277,13167824082.409538,13.167824082409538,,,,,,,,33.08997,23.128866,5.2522187,-105.328636,,,,29.9186879913073,,,Technology,Computer Hardware,Singapore,30000,2023-Q3
STX,SEAGATE TECHNOLOGY,2023-10-01 00:00:00-04:00,2023,4,10,64.67326354980469,62.616987161778404,66.63478202323152,60.759704563280586,63991300,212968277,13773353506.168808,13.773353506168808,,,,,,,,33.08997,23.128866,5.2522187,-105.328636,,,,44.01823050415403,,,Technology,Computer Hardware,Singapore,30000,2023-Q4
STX,SEAGATE TECHNOLOGY,2023-11-01 00:00:00-04:00,2023,4,11,74.95465850830078,64.83435773478179,75.2578881961769,64.73959981286413,43242100,212968277,15962964475.636208,15.962964475636207,,,,,,,,33.08997,23.128866,5.2522187,-105.328636,,,,56.483306409814915,,,Technology,Computer Hardware,Singapore,30000,2023-Q4
STX,SEAGATE TECHNOLOGY,2023-12-01 00:00:00-05:00,2023,4,12,80.89606475830078,74.77461123290557,83.32190195659446,72.84151950442838,42245900,212968277,17228295527.65574,17.22829552765574,,,,,,,,33.08997,23.128866,5.2522187,-105.328636,,,,70.04286429418008,,,Technology,Computer Hardware,Singapore,30000,2023-Q4
STX,SEAGATE TECHNOLOGY,2024-01-01 00:00:00-05:00,2024,1,1,81.87290954589844,80.93645149371454,87.95031095612833,75.8623974757966,58949500,212968277,17436332478.966843,17.436332478966843,,,,,,,,33.08997,23.128866,5.2522187,-105.328636,,,,31.745143628194782,,,Technology,Computer Hardware,Singapore,30000,2024-Q1
STX,SEAGATE TECHNOLOGY,2024-02-01 00:00:00-05:00,2024,1,2,88.9154281616211,82.06401371162823,89.28809835588292,80.21977085446991,39500800,212968277,18936165534.29772,18.93616553429772,,,,,,,,33.08997,23.128866,5.2522187,-105.328636,,,,50.21373672607963,,,Technology,Computer Hardware,Singapore,30000,2024-Q1
STX,SEAGATE TECHNOLOGY,2024-03-01 00:00:00-05:00,2024,1,3,88.9154281616211,90.77877913293021,96.76062493605164,80.46822008077471,70267800,212968277,18936165534.29772,18.93616553429772,,,,,,,,33.08997,23.128866,5.2522187,-105.328636,,,,46.669644277449905,,,Technology,Computer Hardware,Singapore,30000,2024-Q1
STX,SEAGATE TECHNOLOGY,2024-04-01 00:00:00-04:00,2024,2,4,82.76190948486328,89.73660419246195,90.88299272372689,79.29382234036787,67867000,212968277,17625661264.22129,17.62566126422129,1887000000.0,1887.0,600000000.0,513000000.0,311000000.0,683000000.0,2.3351432517516284,33.08997,23.128866,5.2522187,-105.328636,,,,51.86033926977392,,,Technology,Computer Hardware,Singapore,30000,2024-Q2
STX,SEAGATE TECHNOLOGY,2024-05-01 00:00:00-04:00,2024,2,5,89.82329559326172,83.78305776891322,95.56489546204696,81.24942723037819,47838000,212968277,19129512496.95864,19.12951249695864,1887000000.0,1887.0,600000000.0,513000000.0,311000000.0,683000000.0,2.5343816238683945,33.08997,23.128866,5.2522187,-105.328636,,0.0,,61.16997221799561,,,Technology,Computer Hardware,Singapore,30000,2024-Q2
STX,SEAGATE TECHNOLOGY,2024-06-01 00:00:00-04:00,2024,2,6,99.48574829101562,90.19899914819479,103.9557258776378,86.95249486942295,44585600,212968277,21187308399.593292,21.18730839959329,1887000000.0,1887.0,600000000.0,513000000.0,311000000.0,683000000.0,2.807009591891003,33.08997,23.128866,5.2522187,-105.328636,,0.0,,73.40048185875459,,,Technology,Computer Hardware,Singapore,30000,2024-Q2
STX,SEAGATE TECHNOLOGY,2024-07-01 00:00:00-04:00,2024,3,7,99.08042907714844,99.88533207244586,110.13570032024361,95.65717567631934,56979200,212968277,21100988264.981003,21.100988264981,2168000000.0,2168.0,714000000.0,305000000.0,404000000.0,465000000.0,2.433232041626038,33.08997,23.128866,5.2522187,-105.328636,,14.891361950185477,,66.42931485882977,9.6,16.0,Technology,Computer Hardware,Singapore,30000,2024-Q3
STX,SEAGATE TECHNOLOGY,2024-08-01 00:00:00-04:00,2024,3,8,96.53965759277344,98.94465941124335,102.0478973494656,87.27844215968801,48758600,212968277,20559884539.702927,20.559884539702928,2168000000.0,2168.0,714000000.0,305000000.0,404000000.0,465000000.0,2.370835394338437,33.08997,23.128866,5.2522187,-105.328636,,0.0,14.891361950185477,45.461980009741424,9.6,16.0,Technology,Computer Hardware,Singapore,30000,2024-Q3
STX,SEAGATE TECHNOLOGY,2024-09-01 00:00:00-04:00,2024,3,9,106.21786499023438,96.53965947023916,107.57553115219216,91.83631518788344,42617400,212968277,22621035693.588837,22.621035693588837,2168000000.0,2168.0,714000000.0,305000000.0,404000000.0,465000000.0,2.608514263559598,33.08997,23.128866,5.2522187,-105.328636,,0.0,14.891361950185477,71.7902331624215,9.6,16.0,Technology,Computer Hardware,Singapore,30000,2024-Q3
STX,SEAGATE TECHNOLOGY,2024-10-01 00:00:00-04:00,2024,4,10,97.98974609375,106.67867822772992,112.58520653982912,96.56437062628291,54349800,212968277,20868707389.253418,20.86870738925342,2325000000.0,2325.0,812000000.0,336000000.0,489000000.0,497000000.0,2.2439470311025183,33.08997,23.128866,5.2522187,-105.328636,,7.24169741697418,23.21144674085851,51.5150785892974,,,Technology,Computer Hardware,Singapore,30000,2024-Q4
STX,SEAGATE TECHNOLOGY,2024-11-01 00:00:00-04:00,2024,4,11,98.9269790649414,97.22823748905435,103.72053542495387,93.82100429684091,39404200,212968277,21068308280.275642,21.06830828027564,2325000000.0,2325.0,812000000.0,336000000.0,489000000.0,497000000.0,2.2654094925027572,33.08997,23.128866,5.2522187,-105.328636,,0.0,7.24169741697418,31.98242915613556,,,Technology,Computer Hardware,Singapore,30000,2024-Q4
STX,SEAGATE TECHNOLOGY,2024-12-01 00:00:00-05:00,2024,4,12,84.26316833496094,99.40535299315832,102.62709694544355,83.22830846656856,60018100,212968277,17945381774.85759,17.94538177485759,2325000000.0,2325.0,812000000.0,336000000.0,489000000.0,497000000.0,1.9296109435330742,33.08997,23.128866,5.2522187,-105.328636,,0.0,7.24169741697418,4.162258802971808,,,Technology,Computer Hardware,Singapore,30000,2024-Q4
STX,SEAGATE TECHNOLOGY,2025-01-01 00:00:00-05:00,2025,1,1,94.77371215820312,85.77433891860179,110.06772942627855,84.37771690867683,74457400,212968277,20183794183.22647,20.18379418322647,2160000000.0,2160.0,760000000.0,340000000.0,441000000.0,495000000.0,2.336087289725286,33.08997,23.128866,5.2522187,-105.328636,,-7.096774193548383,-0.36900369003689537,15.75710779531101,,,Technology,Computer Hardware,Singapore,30000,2025-Q1
STX,SEAGATE TECHNOLOGY,2025-02-01 00:00:00-05:00,2025,1,2,100.23234558105469,93.04267881751433,102.13056642195664,91.15428795234678,52288500,212968277,21346309938.06578,21.34630993806578,2160000000.0,2160.0,760000000.0,340000000.0,441000000.0,495000000.0,2.470637724313169,33.08997,23.128866,5.2522187,-105.328636,,0.0,-7.096774193548383,12.727732018410688,,,Technology,Computer Hardware,Singapore,30000,2025-Q1
STX,SEAGATE TECHNOLOGY,2025-03-01 00:00:00-05:00,2025,1,3,83.5515365600586,101.25521769141118,102.16007820767807,81.51561353010497,69175200,212968277,17793826781.898186,17.793826781898186,2160000000.0,2160.0,760000000.0,340000000.0,441000000.0,495000000.0,2.059470692349327,33.08997,23.128866,5.2522187,-105.328636,,0.0,-7.096774193548383,-6.032576924459709,,,Technology,Computer Hardware,Singapore,30000,2025-Q1
STX,SEAGATE TECHNOLOGY,2025-04-01 00:00:00-04:00,2025,2,4,90.2646484375,83.8887094637239,90.7406160838083,62.65871786546948,115850700,212968277,19223506651.745117,19.22350665174512,2444000000.0,2444.0,914000000.0,488000000.0,581000000.0,628000000.0,1.966397979924828,33.08997,23.128866,5.2522187,-105.328636,,13.148148148148152,5.118279569892481,9.065449310360506,,,Technology,Computer Hardware,Singapore,30000,2025-Q2
STX,SEAGATE TECHNOLOGY,2025-05-01 00:00:00-04:00,2025,2,5,116.94839477539062,91.2264888639564,118.12838443263142,89.13422856848707,86359100,212968277,24906298133.230743,24.906298133230745,2444000000.0,2444.0,914000000.0,488000000.0,581000000.0,628000000.0,2.5476982542175475,33.08997,23.128866,5.2522187,-105.328636,,0.0,13.148148148148152,30.198289879005237,,,Technology,Computer Hardware,Singapore,30000,2025-Q2
STX,SEAGATE TECHNOLOGY,2025-06-01 00:00:00-04:00,2025,2,6,143.1165313720703,116.02622759734965,143.26526417827475,115.79815801908691,84713700,212968277,30479281096.52626,30.47928109652626,2444000000.0,2444.0,914000000.0,488000000.0,581000000.0,628000000.0,3.117766069611933,33.08997,23.128866,5.2522187,-105.328636,,0.0,13.148148148148152,43.856314930080195,,,Technology,Computer Hardware,Singapore,30000,2025-Q2
STX,SEAGATE TECHNOLOGY,2025-07-01 00:00:00-04:00,2025,3,7,156.5166473388672,143.18866259972944,156.955267231608,137.86544527057984,98682500,212968277,33333080705.57518,33.33308070557518,,,,,,,,33.08997,23.128866,5.2522187,-105.328636,,0.0,13.148148148148152,57.96928696886885,9.7,,Technology,Computer Hardware,Singapore,30000,2025-Q3
STX,SEAGATE TECHNOLOGY,2025-08-01 00:00:00-04:00,2025,3,8,166.87399291992188,152.8781158252389,172.87508125306573,144.29516938988357,55176400,212968277,35538866748.26596,35.53886674826596,,,,,,,,33.08997,23.128866,5.2522187,-105.328636,,0.0,0.0,72.85538097082849,9.7,,Technology,Computer Hardware,Singapore,30000,2025-Q3
STX,SEAGATE TECHNOLOGY,2025-09-01 00:00:00-04:00,2025,3,9,235.31825256347656,163.89339644943118,235.76683553651063,163.34512161090373,88970600,212968277,50115322795.09444,50.115322795094436,,,,,,,,33.08997,23.128866,5.2522187,-105.328636,,0.0,0.0,121.54300746405666,9.7,,Technology,Computer Hardware,Singapore,30000,2025-Q3
STX,SEAGATE TECHNOLOGY,2025-10-01 00:00:00-04:00,2025,4,10,224.35000610351562,234.33999633789062,264.8299865722656,222.72000122070312,44822708,212968277,47779434244.80521,47.77943424480521,,,,,,,,33.08997,23.128866,5.2522187,-105.328636,,0.0,0.0,128.95253334861448,,,Technology,Computer Hardware,Singapore,30000,2025-Q4
