ticker,company_name,date,year,quarter,month,close_price,open_price,high_price,low_price,volume,shares_outstanding,market_cap,market_cap_billions,revenue,revenue_millions,gross_profit,net_income,operating_income,ebitda,ps_ratio,current_pe,forward_pe,current_ps,current_pb,peg_ratio,revenue_qoq_pct,revenue_yoy_pct,market_cap_yoy_pct,sector,industry,country,employees,year_quarter
TER,"Teradyne, Inc.",2015-01-01 00:00:00-05:00,2015,1,1,16.830047607421875,18.52235041757782,18.596737295820176,16.644079525054444,40102600,159073532,2677215116.640747,2.677215116640747,,,,,,,,49.923874,33.948235,8.116653,8.096066,,,,,Technology,Semiconductor Equipment & Materials,United States,6500,2015-Q1
TER,"Teradyne, Inc.",2015-02-01 00:00:00-05:00,2015,1,2,17.964454650878906,16.77426415465342,18.661832559832426,16.36513528481404,30202700,159073532,2857669251.7691345,2.8576692517691344,,,,,,,,49.923874,33.948235,8.116653,8.096066,,,,,Technology,Semiconductor Equipment & Materials,United States,6500,2015-Q1
TER,"Teradyne, Inc.",2015-03-01 00:00:00-05:00,2015,1,3,17.580167770385742,18.11176936514906,18.79259239778068,17.057892737846675,34984100,159073532,2796539380.387825,2.796539380387825,,,,,,,,49.923874,33.948235,8.116653,8.096066,,,,,Technology,Semiconductor Equipment & Materials,United States,6500,2015-Q1
TER,"Teradyne, Inc.",2015-04-01 00:00:00-04:00,2015,2,4,17.02058982849121,17.52421361425563,18.111772918787246,16.815410755879896,44596400,159073532,2707525340.741371,2.707525340741371,,,,,,,,49.923874,33.948235,8.116653,8.096066,,,,,Technology,Semiconductor Equipment & Materials,United States,6500,2015-Q2
TER,"Teradyne, Inc.",2015-05-01 00:00:00-04:00,2015,2,5,19.72523307800293,18.205038565332547,19.893107689716548,18.195712000363972,46503300,159073532,3137762495.2411575,3.1377624952411574,,,,,,,,49.923874,33.948235,8.116653,8.096066,,,,,Technology,Semiconductor Equipment & Materials,United States,6500,2015-Q2
TER,"Teradyne, Inc.",2015-06-01 00:00:00-04:00,2015,2,6,18.0416202545166,19.893481226508058,19.9215385908671,17.873268932715238,46623400,159073532,2869944256.888695,2.8699442568886946,,,,,,,,49.923874,33.948235,8.116653,8.096066,,,,,Technology,Semiconductor Equipment & Materials,United States,6500,2015-Q2
TER,"Teradyne, Inc.",2015-07-01 00:00:00-04:00,2015,3,7,18.01355743408203,18.26608436530506,18.705666895132566,16.909922801843383,51872900,159073532,2865480204.924286,2.865480204924286,,,,,,,,49.923874,33.948235,8.116653,8.096066,,,,,Technology,Semiconductor Equipment & Materials,United States,6500,2015-Q3
TER,"Teradyne, Inc.",2015-08-01 00:00:00-04:00,2015,3,8,16.872512817382812,17.94808833395258,18.097733530140818,15.020650392708305,45707300,159073532,2683970207.576355,2.683970207576355,,,,,,,,49.923874,33.948235,8.116653,8.096066,,,,,Technology,Semiconductor Equipment & Materials,United States,6500,2015-Q3
TER,"Teradyne, Inc.",2015-09-01 00:00:00-04:00,2015,3,9,16.84445571899414,16.442283536449025,18.135146138781288,15.759527022966779,41159100,159073532,2679507065.8379974,2.6795070658379974,,,,,,,,49.923874,33.948235,8.116653,8.096066,,,,,Technology,Semiconductor Equipment & Materials,United States,6500,2015-Q3
TER,"Teradyne, Inc.",2015-10-01 00:00:00-04:00,2015,4,10,18.3193302154541,16.892824597605145,19.107662173211256,16.357885438418812,65132300,159073532,2914120561.246605,2.914120561246605,,,,,,,,49.923874,33.948235,8.116653,8.096066,,,,,Technology,Semiconductor Equipment & Materials,United States,6500,2015-Q4
TER,"Teradyne, Inc.",2015-11-01 00:00:00-04:00,2015,4,11,19.501815795898438,18.366242375512645,19.539354451516537,18.30993349707201,40129400,159073532,3102222719.0669556,3.1022227190669556,,,,,,,,49.923874,33.948235,8.116653,8.096066,,,,,Technology,Semiconductor Equipment & Materials,United States,6500,2015-Q4
TER,"Teradyne, Inc.",2015-12-01 00:00:00-05:00,2015,4,12,19.4552001953125,19.643446681419913,20.311718296123303,18.561032079179597,39934600,159073532,3094807410.835449,3.094807410835449,,,,,,,,49.923874,33.948235,8.116653,8.096066,,,,,Technology,Semiconductor Equipment & Materials,United States,6500,2015-Q4
TER,"Teradyne, Inc.",2016-01-01 00:00:00-05:00,2016,1,1,18.28807258605957,19.25753692694876,19.84109946803106,17.44096717727977,54782200,159073532,2909148299.73687,2.9091482997368696,,,,,,,,49.923874,33.948235,8.116653,8.096066,,,,8.66322551574199,Technology,Semiconductor Equipment & Materials,United States,6500,2016-Q1
TER,"Teradyne, Inc.",2016-02-01 00:00:00-05:00,2016,1,2,17.958646774291992,18.11865575405999,18.419848705328782,16.320908755329228,41872900,159073532,2856745372.327034,2.856745372327034,,,,,,,,49.923874,33.948235,8.116653,8.096066,,,,-0.03232982408752916,Technology,Semiconductor Equipment & Materials,United States,6500,2016-Q1
TER,"Teradyne, Inc.",2016-03-01 00:00:00-05:00,2016,1,3,20.386714935302734,18.12991845971448,20.61333869091848,18.054377207842567,30969800,159073532,3242986750.6357574,3.2429867506357573,,,,,,,,49.923874,33.948235,8.116653,8.096066,,,,15.964279758721611,Technology,Semiconductor Equipment & Materials,United States,6500,2016-Q1
TER,"Teradyne, Inc.",2016-04-01 00:00:00-04:00,2016,2,4,17.856077194213867,20.226186036416852,20.62277799011307,17.56335511919017,43410400,159073532,2840429266.94825,2.8404292669482496,,,,,,,,49.923874,33.948235,8.116653,8.096066,,,,4.90868632721595,Technology,Semiconductor Equipment & Materials,United States,6500,2016-Q2
TER,"Teradyne, Inc.",2016-05-01 00:00:00-04:00,2016,2,5,18.705921173095703,17.874967342834843,18.772019548099383,17.242308637585026,32619300,159073532,2975616950.317917,2.975616950317917,,,,,,,,49.923874,33.948235,8.116653,8.096066,,,,-5.167553158314453,Technology,Semiconductor Equipment & Materials,United States,6500,2016-Q2
TER,"Teradyne, Inc.",2016-06-01 00:00:00-04:00,2016,2,6,18.649965286254883,18.735211587727477,19.21827336053832,17.115533666349766,36516200,159073532,2966715849.7619553,2.9667158497619552,,,,,,,,49.923874,33.948235,8.116653,8.096066,,,,3.371897995613704,Technology,Semiconductor Equipment & Materials,United States,6500,2016-Q2
TER,"Teradyne, Inc.",2016-07-01 00:00:00-04:00,2016,3,7,18.70680046081543,18.51736378414104,20.260174705778084,17.8732830579726,41524600,159073532,2975756821.721138,2.975756821721138,,,,,,,,49.923874,33.948235,8.116653,8.096066,,,,3.848451530300001,Technology,Semiconductor Equipment & Materials,United States,6500,2016-Q3
TER,"Teradyne, Inc.",2016-08-01 00:00:00-04:00,2016,3,8,19.94760513305664,18.7352162029667,20.317006465970177,18.40370292741948,35852600,159073532,3173136003.45665,3.1731360034566496,,,,,,,,49.923874,33.948235,8.116653,8.096066,,,,18.225455502429554,Technology,Semiconductor Equipment & Materials,United States,6500,2016-Q3
TER,"Teradyne, Inc.",2016-09-01 00:00:00-04:00,2016,3,9,20.440134048461914,19.957072274599742,20.515908338091183,19.00989275093311,30307600,159073532,3251484317.642296,3.2514843176422956,,,,,,,,49.923874,33.948235,8.116653,8.096066,,,,21.3463610190338,Technology,Semiconductor Equipment & Materials,United States,6500,2016-Q3
TER,"Teradyne, Inc.",2016-10-01 00:00:00-04:00,2016,4,10,22.122390747070312,20.517115920642354,22.49283808712042,19.206299189850984,36175500,159073532,3519086832.4205933,3.519086832420593,,,,,,,,49.923874,33.948235,8.116653,8.096066,,,,20.75982302239394,Technology,Semiconductor Equipment & Materials,United States,6500,2016-Q4
TER,"Teradyne, Inc.",2016-11-01 00:00:00-04:00,2016,4,11,23.15774917602539,22.13189322014992,23.917643617390848,21.542976885111802,39025300,159073532,3683784954.6004486,3.6837849546004486,,,,,,,,49.923874,33.948235,8.116653,8.096066,,,,18.7466306644936,Technology,Semiconductor Equipment & Materials,United States,6500,2016-Q4
TER,"Teradyne, Inc.",2016-12-01 00:00:00-05:00,2016,4,12,24.184274673461914,23.27974579125194,25.3173179887941,22.270479462475514,52093300,159073532,3847077991.1657333,3.847077991165733,,,,,,,,49.923874,33.948235,8.116653,8.096066,,,,24.30750869008702,Technology,Semiconductor Equipment & Materials,United States,6500,2016-Q4
TER,"Teradyne, Inc.",2017-01-01 00:00:00-05:00,2017,1,1,27.021648406982422,24.289016118077505,27.46915397823873,24.031938681320554,52312200,159073532,4298429052.560867,4.298429052560867,,,,,,,,49.923874,33.948235,8.116653,8.096066,,,,47.755583754518696,Technology,Semiconductor Equipment & Materials,United States,6500,2017-Q1
TER,"Teradyne, Inc.",2017-02-01 00:00:00-05:00,2017,1,2,27.078779220581055,27.23112100897908,28.24038581113035,26.87882948827279,39132600,159073532,4307517052.866035,4.307517052866036,,,,,,,,49.923874,33.948235,8.116653,8.096066,,,,50.78407388325403,Technology,Semiconductor Equipment & Materials,United States,6500,2017-Q1
TER,"Teradyne, Inc.",2017-03-01 00:00:00-05:00,2017,1,3,29.681991577148438,27.525036370228467,29.78697487412536,27.20053857146458,37428400,159073532,4721619236.971252,4.721619236971253,,,,,,,,49.923874,33.948235,8.116653,8.096066,,,,45.59477420145559,Technology,Semiconductor Equipment & Materials,United States,6500,2017-Q1
TER,"Teradyne, Inc.",2017-04-01 00:00:00-04:00,2017,2,4,33.6618537902832,29.748794204519587,34.92166768746762,29.080710194615136,52870300,159073532,5354709976.087936,5.354709976087936,,,,,,,,49.923874,33.948235,8.116653,8.096066,,,,88.51763141565654,Technology,Semiconductor Equipment & Materials,United States,6500,2017-Q2
TER,"Teradyne, Inc.",2017-05-01 00:00:00-04:00,2017,2,5,33.92909622192383,33.82411109187641,34.5780918978842,31.628980371782724,44964600,159073532,5397221173.589279,5.397221173589279,,,,,,,,49.923874,33.948235,8.116653,8.096066,,,,81.38158451519226,Technology,Semiconductor Equipment & Materials,United States,6500,2017-Q2
TER,"Teradyne, Inc.",2017-06-01 00:00:00-04:00,2017,2,6,28.717262268066406,33.96727091521692,34.426287646078414,28.57381794369813,66103800,159073532,4568156338.351654,4.568156338351654,,,,,,,,49.923874,33.948235,8.116653,8.096066,,,,53.98024514947044,Technology,Semiconductor Equipment & Materials,United States,6500,2017-Q2
TER,"Teradyne, Inc.",2017-07-01 00:00:00-04:00,2017,3,7,33.07792663574219,28.851143241447016,35.24869588332169,28.382563408863103,74963100,159073532,5261822621.184387,5.261822621184387,,,,,,,,49.923874,33.948235,8.116653,8.096066,,,,76.82300458076475,Technology,Semiconductor Equipment & Materials,United States,6500,2017-Q3
TER,"Teradyne, Inc.",2017-08-01 00:00:00-04:00,2017,3,8,34.0533332824707,33.30743162742845,34.45497151274258,31.14622397101016,51162600,159073532,5416984001.615768,5.416984001615768,,,,,,,,49.923874,33.948235,8.116653,8.096066,,,,70.71389299780367,Technology,Semiconductor Equipment & Materials,United States,6500,2017-Q3
TER,"Teradyne, Inc.",2017-09-01 00:00:00-04:00,2017,3,9,35.65989303588867,34.11070764456018,35.83202474603628,33.3934934015919,46706500,159073532,5672545135.961014,5.6725451359610135,,,,,,,,49.923874,33.948235,8.116653,8.096066,,,,74.46017208762885,Technology,Semiconductor Equipment & Materials,United States,6500,2017-Q3
TER,"Teradyne, Inc.",2017-10-01 00:00:00-04:00,2017,4,10,41.09624481201172,35.902922946742805,41.81487815422734,35.740030821825,53165100,159073532,6537324814.18338,6.53732481418338,,,,,,,,49.923874,33.948235,8.116653,8.096066,,,,85.76764727589006,Technology,Semiconductor Equipment & Materials,United States,6500,2017-Q4
TER,"Teradyne, Inc.",2017-11-01 00:00:00-04:00,2017,4,11,38.77744674682617,41.469923331960004,42.76346522184675,37.962993633529194,47000800,159073532,6168465415.959549,6.168465415959549,,,,,,,,49.923874,33.948235,8.116653,8.096066,,,,67.44911801260653,Technology,Semiconductor Equipment & Materials,United States,6500,2017-Q4
TER,"Teradyne, Inc.",2017-12-01 00:00:00-05:00,2017,4,12,40.184349060058594,38.33204889460187,41.566378251101625,37.18995858133346,36362200,159073532,6392266336.104401,6.3922663361044005,,,,,,,,49.923874,33.948235,8.116653,8.096066,,,,66.15900043574187,Technology,Semiconductor Equipment & Materials,United States,6500,2017-Q4
TER,"Teradyne, Inc.",2018-01-01 00:00:00-05:00,2018,1,1,43.99452209472656,41.950272994790716,46.57622374445597,41.34563887627296,63430800,159073532,6998364018.260193,6.998364018260193,,,,,,,,49.923874,33.948235,8.116653,8.096066,,,,62.81213282072877,Technology,Semiconductor Equipment & Materials,United States,6500,2018-Q1
TER,"Teradyne, Inc.",2018-02-01 00:00:00-05:00,2018,1,2,43.572235107421875,43.78337560027067,44.67593486426089,37.660231746361916,52705300,159073532,6931189335.671997,6.931189335671997,,,,,,,,49.923874,33.948235,8.116653,8.096066,,,,60.90915603132166,Technology,Semiconductor Equipment & Materials,United States,6500,2018-Q1
TER,"Teradyne, Inc.",2018-03-01 00:00:00-05:00,2018,1,3,43.959556579589844,43.62296112927134,48.73923398580413,42.12269926081903,42837700,159073532,6992801930.269196,6.992801930269196,,,,,,,,49.923874,33.948235,8.116653,8.096066,,,,48.10177566869675,Technology,Semiconductor Equipment & Materials,United States,6500,2018-Q1
TER,"Teradyne, Inc.",2018-04-01 00:00:00-04:00,2018,2,4,31.303525924682617,43.62297967224122,43.93072526295126,30.995780333972583,93044400,159073532,4979562432.89283,4.97956243289283,,,,,,,,49.923874,33.948235,8.116653,8.096066,,,,-7.005935799891505,Technology,Semiconductor Equipment & Materials,United States,6500,2018-Q2
TER,"Teradyne, Inc.",2018-05-01 00:00:00-04:00,2018,2,5,36.45825958251953,31.255432371434587,37.8046489059661,30.83228322310761,73512700,159073532,5799544122.364227,5.799544122364227,,,,,,,,49.923874,33.948235,8.116653,8.096066,,,,7.454260921225031,Technology,Semiconductor Equipment & Materials,United States,6500,2018-Q2
TER,"Teradyne, Inc.",2018-06-01 00:00:00-04:00,2018,2,6,36.69781494140625,36.967721520571615,38.596809971908876,35.47359003601838,55472100,159073532,5837651039.411865,5.837651039411865,,,,,,,,49.923874,33.948235,8.116653,8.096066,,,,27.790088758614772,Technology,Semiconductor Equipment & Materials,United States,6500,2018-Q2
TER,"Teradyne, Inc.",2018-07-01 00:00:00-04:00,2018,3,7,41.691104888916016,36.119439331332835,44.14919241860265,36.06160063659631,61236500,159073532,6631951307.662338,6.631951307662338,,,,,,,,49.923874,33.948235,8.116653,8.096066,,,,26.039051201797214,Technology,Semiconductor Equipment & Materials,United States,6500,2018-Q3
TER,"Teradyne, Inc.",2018-08-01 00:00:00-04:00,2018,3,8,39.705352783203125,41.613985532806964,42.90568693028039,37.430419341522416,46098900,159073532,6316070706.530151,6.316070706530152,,,,,,,,49.923874,33.948235,8.116653,8.096066,,,,16.5975514169177,Technology,Semiconductor Equipment & Materials,United States,6500,2018-Q3
TER,"Teradyne, Inc.",2018-09-01 00:00:00-04:00,2018,3,9,35.6471061706543,39.52221122467979,40.023468979037496,35.126568847605704,45580900,159073532,5670511084.144974,5.670511084144974,,,,,,,,49.923874,33.948235,8.116653,8.096066,,,,-0.035857833957908536,Technology,Semiconductor Equipment & Materials,United States,6500,2018-Q3
TER,"Teradyne, Inc.",2018-10-01 00:00:00-04:00,2018,4,10,33.281005859375,36.17920659571675,36.3820797628,29.194541420737064,81162500,159073532,5294127150.563477,5.294127150563477,,,,,,,,49.923874,33.948235,8.116653,8.096066,,,,-19.016917454103886,Technology,Semiconductor Equipment & Materials,United States,6500,2018-Q4
TER,"Teradyne, Inc.",2018-11-01 00:00:00-04:00,2018,4,11,34.47893142700195,33.61913234864621,35.67685618145203,31.967158590102937,45721800,159073532,5484685401.679001,5.484685401679001,,,,,,,,49.923874,33.948235,8.116653,8.096066,,,,-11.085091155920523,Technology,Semiconductor Equipment & Materials,United States,6500,2018-Q4
TER,"Teradyne, Inc.",2018-12-01 00:00:00-05:00,2018,4,12,30.389869689941406,35.48390174219962,35.95844245458678,27.823485201753865,54107200,159073532,4834223908.598724,4.834223908598724,,,,,,,,49.923874,33.948235,8.116653,8.096066,,,,-24.373865943376583,Technology,Semiconductor Equipment & Materials,United States,6500,2018-Q4
TER,"Teradyne, Inc.",2019-01-01 00:00:00-05:00,2019,1,1,34.85442352294922,29.57638445840699,36.287725230454825,28.646673994641993,65194800,159073532,5544416255.619415,5.544416255619415,,,,,,,,49.923874,33.948235,8.116653,8.096066,,,,-20.775537809224044,Technology,Semiconductor Equipment & Materials,United States,6500,2019-Q1
TER,"Teradyne, Inc.",2019-02-01 00:00:00-05:00,2019,1,2,39.54169845581055,35.09652594034641,41.14932055866181,34.873779847379666,37527600,159073532,6290037634.64473,6.2900376346447295,,,,,,,,49.923874,33.948235,8.116653,8.096066,,,,-9.25024075922327,Technology,Semiconductor Equipment & Materials,United States,6500,2019-Q1
TER,"Teradyne, Inc.",2019-03-01 00:00:00-05:00,2019,1,3,38.66722106933594,40.16188863006905,40.414233322284815,36.8813854168452,42526200,159073532,6150931428.124084,6.1509314281240846,,,,,,,,49.923874,33.948235,8.116653,8.096066,,,,-12.039101214936066,Technology,Semiconductor Equipment & Materials,United States,6500,2019-Q1
TER,"Teradyne, Inc.",2019-04-01 00:00:00-04:00,2019,2,4,47.55756759643555,38.94867833554941,48.071964591791456,38.94867833554941,53144900,159073532,7565150250.893753,7.565150250893753,,,,,,,,49.923874,33.948235,8.116653,8.096066,,,,51.92399639216594,Technology,Semiconductor Equipment & Materials,United States,6500,2019-Q2
TER,"Teradyne, Inc.",2019-05-01 00:00:00-04:00,2019,2,5,40.89951705932617,47.87786617579836,48.36314759074509,39.71542922208706,44128200,159073532,6506030635.721268,6.506030635721268,,,,,,,,49.923874,33.948235,8.116653,8.096066,,,,12.181759435757789,Technology,Semiconductor Equipment & Materials,United States,6500,2019-Q2
TER,"Teradyne, Inc.",2019-06-01 00:00:00-04:00,2019,2,6,46.59978485107422,41.28910266710775,46.80404100190944,40.7444158878387,36868400,159073532,7412792366.70047,7.41279236670047,,,,,,,,49.923874,33.948235,8.116653,8.096066,,,,26.98245093196421,Technology,Semiconductor Equipment & Materials,United States,6500,2019-Q2
TER,"Teradyne, Inc.",2019-07-01 00:00:00-04:00,2019,3,7,54.2059211730957,48.049033028130296,57.00716129796547,42.59245213160131,64748600,159073532,8622727336.317917,8.622727336317917,,,,,,,,49.923874,33.948235,8.116653,8.096066,,,,30.017953032247103,Technology,Semiconductor Equipment & Materials,United States,6500,2019-Q3
TER,"Teradyne, Inc.",2019-08-01 00:00:00-04:00,2019,3,8,51.52140426635742,54.857602648161894,55.54818503473662,48.525632776420814,45716100,159073532,8195691750.249344,8.195691750249344,,,,,,,,49.923874,33.948235,8.116653,8.096066,,,,29.759341385710947,Technology,Semiconductor Equipment & Materials,United States,6500,2019-Q3
TER,"Teradyne, Inc.",2019-09-01 00:00:00-04:00,2019,3,9,56.326297760009766,51.278233370572266,58.11597824258985,50.47093013450726,39123700,159073532,8960023129.168442,8.960023129168441,,,,,,,,49.923874,33.948235,8.116653,8.096066,,,,58.010856450331346,Technology,Semiconductor Equipment & Materials,United States,6500,2019-Q3
TER,"Teradyne, Inc.",2019-10-01 00:00:00-04:00,2019,4,10,59.64713668823242,57.230853304812634,63.75871761957458,55.42838128268901,56523500,159073532,9488280706.683914,9.488280706683915,,,,,,,,49.923874,33.948235,8.116653,8.096066,,,,79.22275829121399,Technology,Semiconductor Equipment & Materials,United States,6500,2019-Q4
TER,"Teradyne, Inc.",2019-11-01 00:00:00-04:00,2019,4,11,60.98193359375,59.92967924350325,65.47349003686605,59.84199138098269,47316300,159073532,9700611564.947266,9.700611564947266,,,,,,,,49.923874,33.948235,8.116653,8.096066,,,,76.86723767196682,Technology,Semiconductor Equipment & Materials,United States,6500,2019-Q4
TER,"Teradyne, Inc.",2019-12-01 00:00:00-05:00,2019,4,12,66.5322265625,61.04885242215209,68.20065364031923,59.536535414971645,31203600,159073532,10583516271.121094,10.583516271121093,,,,,,,,49.923874,33.948235,8.116653,8.096066,,,,118.92896297782146,Technology,Semiconductor Equipment & Materials,United States,6500,2019-Q4
TER,"Teradyne, Inc.",2020-01-01 00:00:00-05:00,2020,1,1,64.38569641113281,67.16640776841714,79.58692842283936,63.985667907621675,61640500,159073532,10242060138.39862,10.242060138398621,,,,,,,,49.923874,33.948235,8.116653,8.096066,,,,84.72747474575013,Technology,Semiconductor Equipment & Materials,United States,6500,2020-Q1
TER,"Teradyne, Inc.",2020-02-01 00:00:00-05:00,2020,1,2,57.331478118896484,64.76622649378321,71.81070154189527,53.97510964323697,43434000,159073532,9119920719.15358,9.11992071915358,,,,,,,,49.923874,33.948235,8.116653,8.096066,,,,44.98992293658488,Technology,Semiconductor Equipment & Materials,United States,6500,2020-Q1
TER,"Teradyne, Inc.",2020-03-01 00:00:00-05:00,2020,1,3,52.93091583251953,58.051057925568216,61.070377540256075,41.889392318729236,56009600,159073532,8419907733.473602,8.419907733473602,,,,,,,,49.923874,33.948235,8.116653,8.096066,,,,36.88833686187771,Technology,Semiconductor Equipment & Materials,United States,6500,2020-Q1
TER,"Teradyne, Inc.",2020-04-01 00:00:00-04:00,2020,2,4,61.10947799682617,51.19164483671422,65.99510936093237,49.980010345782794,48410100,159073532,9720900503.631424,9.720900503631423,,,,,,,,49.923874,33.948235,8.116653,8.096066,,,,28.49580221467496,Technology,Semiconductor Equipment & Materials,United States,6500,2020-Q2
TER,"Teradyne, Inc.",2020-05-01 00:00:00-04:00,2020,2,5,65.48699188232422,59.340871176355535,66.6106884559152,55.129456090068516,42743000,159073532,10417247098.776642,10.417247098776642,,,,,,,,49.923874,33.948235,8.116653,8.096066,,,,60.11678521126071,Technology,Semiconductor Equipment & Materials,United States,6500,2020-Q2
TER,"Teradyne, Inc.",2020-06-01 00:00:00-04:00,2020,2,6,82.70872497558594,65.41534415734843,83.5993250193223,65.0825946260211,54550600,159073532,13156769009.083069,13.15676900908307,,,,,,,,49.923874,33.948235,8.116653,8.096066,,,,77.48735372901476,Technology,Semiconductor Equipment & Materials,United States,6500,2020-Q2
TER,"Teradyne, Inc.",2020-07-01 00:00:00-04:00,2020,3,7,87.06388854980469,82.89468491864777,88.76679976436392,80.97646163172745,45364300,159073532,13849560261.27179,13.84956026127179,,,,,,,,49.923874,33.948235,8.116653,8.096066,,,,60.61693384341478,Technology,Semiconductor Equipment & Materials,United States,6500,2020-Q3
TER,"Teradyne, Inc.",2020-08-01 00:00:00-04:00,2020,3,8,83.158935546875,87.55323279996061,91.4484056595668,82.48363993986366,30875600,159073532,13228385594.801758,13.228385594801757,,,,,,,,49.923874,33.948235,8.116653,8.096066,,,,61.40657796700688,Technology,Semiconductor Equipment & Materials,United States,6500,2020-Q3
TER,"Teradyne, Inc.",2020-09-01 00:00:00-04:00,2020,3,9,77.76636505126953,84.16697044382511,86.6430440773134,72.50103865805686,73767300,159073532,12370570359.506805,12.370570359506806,,,,,,,,49.923874,33.948235,8.116653,8.096066,,,,38.06404493796087,Technology,Semiconductor Equipment & Materials,United States,6500,2020-Q3
TER,"Teradyne, Inc.",2020-10-01 00:00:00-04:00,2020,4,10,86.07838439941406,79.20974844034899,91.29109910276996,76.73077050936453,33446600,159073532,13692792635.268494,13.692792635268493,,,,,,,,49.923874,33.948235,8.116653,8.096066,,,,44.31268486421105,Technology,Semiconductor Equipment & Materials,United States,6500,2020-Q4
TER,"Teradyne, Inc.",2020-11-01 00:00:00-04:00,2020,4,11,108.11486053466797,86.71529341017767,108.59498449073938,86.47033495421671,30393100,159073532,17198212726.937042,17.198212726937044,,,,,,,,49.923874,33.948235,8.116653,8.096066,,,,77.28998436636746,Technology,Semiconductor Equipment & Materials,United States,6500,2020-Q4
TER,"Teradyne, Inc.",2020-12-01 00:00:00-05:00,2020,4,12,117.5808334350586,109.11705601604925,120.01307017802726,109.05820657030725,29549100,159073532,18703998470.018463,18.703998470018462,,,,,,,,49.923874,33.948235,8.116653,8.096066,,,,76.72763938631127,Technology,Semiconductor Equipment & Materials,United States,6500,2020-Q4
TER,"Teradyne, Inc.",2021-01-01 00:00:00-05:00,2021,1,1,111.2942886352539,119.53249199791341,140.6379964654262,110.86276098927686,36465400,159073532,17703975584.6373,17.7039755846373,,,,,,,,49.923874,33.948235,8.116653,8.096066,,,,72.85561054521763,Technology,Semiconductor Equipment & Materials,United States,6500,2021-Q1
TER,"Teradyne, Inc.",2021-02-01 00:00:00-05:00,2021,1,2,126.13288116455078,114.25612771894689,145.0513355559501,111.80427948463472,42966700,159073532,20064402908.181366,20.064402908181368,,,,,,,,49.923874,33.948235,8.116653,8.096066,,,,120.00633038445474,Technology,Semiconductor Equipment & Materials,United States,6500,2021-Q1
TER,"Teradyne, Inc.",2021-03-01 00:00:00-05:00,2021,1,3,119.4220962524414,129.0304331090601,131.85699638535974,102.11924267216901,56086200,159073532,18996894649.71982,18.996894649719817,,,,,,,,49.923874,33.948235,8.116653,8.096066,,,,125.61879834142458,Technology,Semiconductor Equipment & Materials,United States,6500,2021-Q1
TER,"Teradyne, Inc.",2021-04-01 00:00:00-04:00,2021,2,4,122.75900268554688,121.79718438554276,136.69550282933906,120.41335240414861,32919900,159073532,19527708141.987427,19.527708141987425,,,,,,,,49.923874,33.948235,8.116653,8.096066,,,,100.88373638525039,Technology,Semiconductor Equipment & Materials,United States,6500,2021-Q2
TER,"Teradyne, Inc.",2021-05-01 00:00:00-04:00,2021,2,5,129.8940887451172,123.97597653157055,130.4829460208034,112.0514332472926,28027300,159073532,20662711482.60724,20.66271148260724,,,,,,,,49.923874,33.948235,8.116653,8.096066,,,,98.35097782247848,Technology,Semiconductor Equipment & Materials,United States,6500,2021-Q2
TER,"Teradyne, Inc.",2021-06-01 00:00:00-04:00,2021,2,6,131.5772705078125,131.09598070419167,132.94254608657621,121.3327803120418,29965000,159073532,20930461150.597168,20.930461150597168,,,,,,,,49.923874,33.948235,8.116653,8.096066,,,,59.085115320846306,Technology,Semiconductor Equipment & Materials,United States,6500,2021-Q2
TER,"Teradyne, Inc.",2021-07-01 00:00:00-04:00,2021,3,7,124.74107360839844,131.07634560914352,131.4888733454254,114.31979119012271,30175700,159073532,19843003164.359924,19.843003164359924,,,,,,,,49.923874,33.948235,8.116653,8.096066,,,,43.27532997454002,Technology,Semiconductor Equipment & Materials,United States,6500,2021-Q3
TER,"Teradyne, Inc.",2021-08-01 00:00:00-04:00,2021,3,8,119.27996063232422,125.35003785802905,127.96272079351773,110.0078666192887,24237600,159073532,18974284634.604767,18.974284634604768,,,,,,,,49.923874,33.948235,8.116653,8.096066,,,,43.43613208599637,Technology,Semiconductor Equipment & Materials,United States,6500,2021-Q3
TER,"Teradyne, Inc.",2021-09-01 00:00:00-04:00,2021,3,9,107.31529235839844,120.28120782921278,122.07028727061754,107.23664969069816,31010900,159073532,17071022593.06305,17.07102259306305,,,,,,,,49.923874,33.948235,8.116653,8.096066,,,,37.99705346604281,Technology,Semiconductor Equipment & Materials,United States,6500,2021-Q3
TER,"Teradyne, Inc.",2021-10-01 00:00:00-04:00,2021,4,10,135.89138793945312,107.836257594677,136.38289322930996,103.4520313091272,35690000,159073532,21616723047.91101,21.616723047911012,,,,,,,,49.923874,33.948235,8.116653,8.096066,,,,57.86935232067174,Technology,Semiconductor Equipment & Materials,United States,6500,2021-Q4
TER,"Teradyne, Inc.",2021-11-01 00:00:00-04:00,2021,4,11,150.27288818359375,135.83245405783924,152.23891020208598,134.28913457309284,27564700,159073532,23904439087.205322,23.904439087205322,,,,,,,,49.923874,33.948235,8.116653,8.096066,,,,38.99374002837237,Technology,Semiconductor Equipment & Materials,United States,6500,2021-Q4
TER,"Teradyne, Inc.",2021-12-01 00:00:00-05:00,2021,4,12,160.8594512939453,153.21633606646625,166.15159732139045,142.54353237995386,32508100,159073532,25588481072.90985,25.58848107290985,,,,,,,,49.923874,33.948235,8.116653,8.096066,,,,36.80754472861434,Technology,Semiconductor Equipment & Materials,United States,6500,2021-Q4
TER,"Teradyne, Inc.",2022-01-01 00:00:00-05:00,2022,1,1,115.5123062133789,162.16774949630496,164.95153589878873,100.8359595156407,54933700,159073532,18374950538.82773,18.37495053882773,,,,,,,,49.923874,33.948235,8.116653,8.096066,,,,3.789967688233098,Technology,Semiconductor Equipment & Materials,United States,6500,2022-Q1
TER,"Teradyne, Inc.",2022-02-01 00:00:00-05:00,2022,1,2,115.9942855834961,116.40742490091186,120.20438911480296,105.36082252855314,34318100,159073532,18451620699.583405,18.451620699583405,,,,,,,,49.923874,33.948235,8.116653,8.096066,,,,-8.038027425876404,Technology,Semiconductor Equipment & Materials,United States,6500,2022-Q1
TER,"Teradyne, Inc.",2022-03-01 00:00:00-05:00,2022,1,3,116.40675354003906,115.92430452492897,125.3270349654961,102.71125897807221,40568500,159073532,18517233434.267517,18.517233434267517,,,,,,,,49.923874,33.948235,8.116653,8.096066,,,,-2.5249453886894924,Technology,Semiconductor Equipment & Materials,United States,6500,2022-Q1
TER,"Teradyne, Inc.",2022-04-01 00:00:00-04:00,2022,2,4,103.83367156982422,117.72607799827236,118.34635989158905,103.61706304816899,35838100,159073532,16517188877.139923,16.517188877139922,,,,,,,,49.923874,33.948235,8.116653,8.096066,,,,-15.41665434037519,Technology,Semiconductor Equipment & Materials,United States,6500,2022-Q2
TER,"Teradyne, Inc.",2022-05-01 00:00:00-04:00,2022,2,5,107.57506561279297,103.99119992071907,112.42903866726093,96.12441108337305,34895100,159073532,17112345642.158722,17.112345642158722,,,,,,,,49.923874,33.948235,8.116653,8.096066,,,,-17.182477931016095,Technology,Semiconductor Equipment & Materials,United States,6500,2022-Q2
TER,"Teradyne, Inc.",2022-06-01 00:00:00-04:00,2022,2,6,88.26338958740234,107.8479017075689,109.03066516857513,84.42927992885937,40399400,159073532,14040369127.960114,14.040369127960114,,,,,,,,49.923874,33.948235,8.116653,8.096066,,,,-32.918969023482184,Technology,Semiconductor Equipment & Materials,United States,6500,2022-Q2
TER,"Teradyne, Inc.",2022-07-01 00:00:00-04:00,2022,3,7,99.4404525756836,87.40588183275602,101.35258184457486,81.77792171181505,35114800,159073532,15818344014.892487,15.818344014892487,,,,,,,,49.923874,33.948235,8.116653,8.096066,,,,-20.28251024369204,Technology,Semiconductor Equipment & Materials,United States,6500,2022-Q3
TER,"Teradyne, Inc.",2022-08-01 00:00:00-04:00,2022,3,8,83.42393493652344,98.46468912513694,103.73782154283593,82.61571658016378,37055900,159073532,13270539983.690979,13.270539983690979,,,,,,,,49.923874,33.948235,8.116653,8.096066,,,,-30.060393636719553,Technology,Semiconductor Equipment & Materials,United States,6500,2022-Q3
TER,"Teradyne, Inc.",2022-09-01 00:00:00-04:00,2022,3,9,74.16337585449219,81.84123296561665,88.82828321426082,74.02521448199612,38080500,159073532,11797430142.21759,11.797430142217591,,,,,,,,49.923874,33.948235,8.116653,8.096066,,,,-30.892071181420768,Technology,Semiconductor Equipment & Materials,United States,6500,2022-Q3
TER,"Teradyne, Inc.",2022-10-01 00:00:00-04:00,2022,4,10,80.281982421875,75.16998855284349,84.08143559484539,66.9197435050748,42357800,159073532,12770738499.80957,12.77073849980957,,,,,,,,49.923874,33.948235,8.116653,8.096066,,,,-40.921949772383726,Technology,Semiconductor Equipment & Materials,United States,6500,2022-Q4
TER,"Teradyne, Inc.",2022-11-01 00:00:00-04:00,2022,4,11,92.2231216430664,82.18664214736485,96.45680050022753,76.26541424015723,33079700,159073532,14670257691.828217,14.670257691828217,,,,,,,,49.923874,33.948235,8.116653,8.096066,,,,-38.62956734391494,Technology,Semiconductor Equipment & Materials,United States,6500,2022-Q4
TER,"Teradyne, Inc.",2022-12-01 00:00:00-05:00,2022,4,12,86.30416870117188,93.24012340748949,97.9628919048702,82.31253817275396,31817300,159073532,13728708941.619263,13.728708941619262,,,,,,,,49.923874,33.948235,8.116653,8.096066,,,,-46.348089585693906,Technology,Semiconductor Equipment & Materials,United States,6500,2022-Q4
TER,"Teradyne, Inc.",2023-01-01 00:00:00-05:00,2023,1,1,100.48234558105469,87.78619979798464,103.71319817905591,84.52571513332373,33662900,159073532,15984081615.222961,15.984081615222962,,,,,,,,49.923874,33.948235,8.116653,8.096066,,,,-13.01156658110546,Technology,Semiconductor Equipment & Materials,United States,6500,2023-Q1
TER,"Teradyne, Inc.",2023-02-01 00:00:00-05:00,2023,1,2,99.92906188964844,100.96649337646497,110.71831618512621,98.69402799489004,30482700,159073532,15896068824.232971,15.896068824232971,,,,,,,,49.923874,33.948235,8.116653,8.096066,,,,-13.850013052827014,Technology,Semiconductor Equipment & Materials,United States,6500,2023-Q1
TER,"Teradyne, Inc.",2023-03-01 00:00:00-05:00,2023,1,3,106.33062744140625,100.39644688172194,107.7152710811394,98.26013825829921,37422900,159073532,16914388466.880615,16.914388466880617,,,,,,,,49.923874,33.948235,8.116653,8.096066,,,,-8.655963500577347,Technology,Semiconductor Equipment & Materials,United States,6500,2023-Q1
TER,"Teradyne, Inc.",2023-04-01 00:00:00-04:00,2023,2,4,90.3775863647461,105.33172726141046,106.13283939215418,87.56874392637896,28524600,159073532,14376681876.675201,14.376681876675201,,,,,,,,49.923874,33.948235,8.116653,8.096066,,,,-12.959269379229665,Technology,Semiconductor Equipment & Materials,United States,6500,2023-Q2
TER,"Teradyne, Inc.",2023-05-01 00:00:00-04:00,2023,2,5,99.09092712402344,90.68417135967677,105.13390157710987,87.98411589407827,39464600,159073532,15762743766.77301,15.76274376677301,,,,,,,,49.923874,33.948235,8.116653,8.096066,,,,-7.886714677272377,Technology,Semiconductor Equipment & Materials,United States,6500,2023-Q2
TER,"Teradyne, Inc.",2023-06-01 00:00:00-04:00,2023,2,6,110.2326889038086,99.52923144097329,111.46046485377867,98.63810824349918,37021100,159073532,17535103165.78604,17.53510316578604,,,,,,,,49.923874,33.948235,8.116653,8.096066,,,,24.890613672446005,Technology,Semiconductor Equipment & Materials,United States,6500,2023-Q2
TER,"Teradyne, Inc.",2023-07-01 00:00:00-04:00,2023,3,7,111.82683563232422,110.65846572511226,118.02512996243438,105.0344490190034,36531000,159073532,17788689716.417267,17.788689716417267,,,,,,,,49.923874,33.948235,8.116653,8.096066,,,,12.456080735567255,Technology,Semiconductor Equipment & Materials,United States,6500,2023-Q3
TER,"Teradyne, Inc.",2023-08-01 00:00:00-04:00,2023,3,8,106.80680847167969,110.89609941821536,111.77732674675647,98.4103861918823,31835100,159073532,16990136265.23761,16.99013626523761,,,,,,,,49.923874,33.948235,8.116653,8.096066,,,,28.02897460177116,Technology,Semiconductor Equipment & Materials,United States,6500,2023-Q3
TER,"Teradyne, Inc.",2023-09-01 00:00:00-04:00,2023,3,9,99.57183837890625,108.05615752280188,108.20483289436788,94.05108271060048,31083400,159073532,15839244018.665771,15.839244018665772,,,,,,,,49.923874,33.948235,8.116653,8.096066,,,,34.26012129526739,Technology,Semiconductor Equipment & Materials,United States,6500,2023-Q3
TER,"Teradyne, Inc.",2023-10-01 00:00:00-04:00,2023,4,10,82.53382110595703,99.62141071326366,100.73150414869068,81.22549129852919,33280400,159073532,13128946432.780731,13.128946432780731,,,,,,,,49.923874,33.948235,8.116653,8.096066,,,,2.8049116578223066,Technology,Semiconductor Equipment & Materials,United States,6500,2023-Q4
TER,"Teradyne, Inc.",2023-11-01 00:00:00-04:00,2023,4,11,91.41461181640625,82.53381916967166,93.33745542706477,80.36318577128368,33467600,159073532,14541645178.044678,14.541645178044678,,,,,,,,49.923874,33.948235,8.116653,8.096066,,,,-0.8766888522699912,Technology,Semiconductor Equipment & Materials,United States,6500,2023-Q4
TER,"Teradyne, Inc.",2023-12-01 00:00:00-05:00,2023,4,12,107.68872833251953,91.05711617685797,110.39781973452772,89.54875520906602,34461200,159073532,17130426372.442352,17.13042637244235,,,,,,,,49.923874,33.948235,8.116653,8.096066,,,,24.77813059690277,Technology,Semiconductor Equipment & Materials,United States,6500,2023-Q4
TER,"Teradyne, Inc.",2024-01-01 00:00:00-05:00,2024,1,1,95.85010528564453,106.18036706085601,112.7298087485501,91.5830483482003,39788000,159073532,15247214790.359344,15.247214790359344,,,,,,,,49.923874,33.948235,8.116653,8.096066,,,,-4.610004144134483,Technology,Semiconductor Equipment & Materials,United States,6500,2024-Q1
TER,"Teradyne, Inc.",2024-02-01 00:00:00-05:00,2024,1,2,102.7964859008789,96.38597109942422,103.9674472776742,92.65477855213803,33987900,159073532,16352200089.44101,16.35220008944101,,,,,,,,49.923874,33.948235,8.116653,8.096066,,,,2.8694595516136845,Technology,Semiconductor Equipment & Materials,United States,6500,2024-Q1
TER,"Teradyne, Inc.",2024-03-01 00:00:00-05:00,2024,1,3,112.09815216064453,103.38503280028266,112.54523029196824,100.84164016359888,36597600,159073532,17831848994.867157,17.83184899486716,,,,,,,,49.923874,33.948235,8.116653,8.096066,,,,5.4241424677160754,Technology,Semiconductor Equipment & Materials,United States,6500,2024-Q1
TER,"Teradyne, Inc.",2024-04-01 00:00:00-04:00,2024,2,4,115.56551361083984,112.11801984920909,118.05923512733575,95.17861576377773,50025900,159073532,18383414427.470367,18.383414427470367,729879000.0,729.879,425844000.0,186273000.0,154894000.0,251137000.0,6.296733577575998,49.923874,33.948235,8.116653,8.096066,,,,27.86966133886366,Technology,Semiconductor Equipment & Materials,United States,6500,2024-Q2
TER,"Teradyne, Inc.",2024-05-01 00:00:00-04:00,2024,2,5,140.0258331298828,114.30376223822924,145.57957146426054,111.06490522656821,51596100,159073532,22274403847.213074,22.274403847213073,729879000.0,729.879,425844000.0,186273000.0,154894000.0,251137000.0,7.62948510890609,49.923874,33.948235,8.116653,8.096066,,0.0,,41.31044808433848,Technology,Semiconductor Equipment & Materials,United States,6500,2024-Q2
TER,"Teradyne, Inc.",2024-06-01 00:00:00-04:00,2024,2,6,147.45497131347656,143.03003232867272,151.37278757402203,137.7897186594024,40834100,159073532,23456183097.793396,23.456183097793396,729879000.0,729.879,425844000.0,186273000.0,154894000.0,251137000.0,8.03427112500613,49.923874,33.948235,8.116653,8.096066,,0.0,,33.76700938697861,Technology,Semiconductor Equipment & Materials,United States,6500,2024-Q2
TER,"Teradyne, Inc.",2024-07-01 00:00:00-04:00,2024,3,7,130.42144775390625,147.16661885207282,162.2909787223239,119.42372094307774,49337900,159073532,20746600342.767334,20.746600342767334,737298000.0,737.298,436514000.0,145649000.0,156643000.0,190081000.0,7.0346726638236285,49.923874,33.948235,8.116653,8.096066,,1.0164698532222571,,16.628041039021536,Technology,Semiconductor Equipment & Materials,United States,6500,2024-Q3
TER,"Teradyne, Inc.",2024-08-01 00:00:00-04:00,2024,3,8,135.96006774902344,128.0448990857358,137.31241018228565,108.53537677157658,40570000,159073532,21627648187.796448,21.62764818779645,737298000.0,737.298,436514000.0,145649000.0,156643000.0,190081000.0,7.333414775232147,49.923874,33.948235,8.116653,8.096066,,0.0,1.0164698532222571,27.29531917908947,Technology,Semiconductor Equipment & Materials,United States,6500,2024-Q3
TER,"Teradyne, Inc.",2024-09-01 00:00:00-04:00,2024,3,9,133.17584228515625,132.7383326394896,137.65050310093014,119.13535586964566,36429100,159073532,21184751609.374756,21.184751609374757,737298000.0,737.298,436514000.0,145649000.0,156643000.0,190081000.0,7.183239209035816,49.923874,33.948235,8.116653,8.096066,,0.0,1.0164698532222571,33.748502039677945,Technology,Semiconductor Equipment & Materials,United States,6500,2024-Q3
TER,"Teradyne, Inc.",2024-10-01 00:00:00-04:00,2024,4,10,105.7120132446289,132.17734490637562,134.7253394281065,105.0352012505913,50474000,159073532,16815983321.6539,16.8159833216539,752884000.0,752.884,447288000.0,146253000.0,158505000.0,189514000.0,5.583855986331859,49.923874,33.948235,8.116653,8.096066,,2.1139349353992642,3.15189229995656,28.083265536580072,Technology,Semiconductor Equipment & Materials,United States,6500,2024-Q4
TER,"Teradyne, Inc.",2024-11-01 00:00:00-04:00,2024,4,11,109.4842300415039,106.17979722035975,111.91279175601984,101.40230050837272,41923000,159073532,17416043171.002533,17.41604317100253,752884000.0,752.884,447288000.0,146253000.0,158505000.0,189514000.0,5.783109739017742,49.923874,33.948235,8.116653,8.096066,,0.0,2.1139349353992642,19.766662972204063,Technology,Semiconductor Equipment & Materials,United States,6500,2024-Q4
TER,"Teradyne, Inc.",2024-12-01 00:00:00-05:00,2024,4,12,125.46873474121094,109.64564712960677,132.86214163112044,109.64564712960677,55814000,159073532,19958754790.85553,19.95875479085553,752884000.0,752.884,447288000.0,146253000.0,158505000.0,189514000.0,6.627433572388154,49.923874,33.948235,8.116653,8.096066,,0.0,2.1139349353992642,16.510554710786995,Technology,Semiconductor Equipment & Materials,United States,6500,2024-Q4
TER,"Teradyne, Inc.",2025-01-01 00:00:00-05:00,2025,1,1,115.37503814697266,126.30572559237913,143.64336980977765,100.40886186058411,58096800,159073532,18353114822.673676,18.353114822673675,685680000.0,685.68,415336000.0,98896000.0,135318000.0,150121000.0,6.691574357817668,49.923874,33.948235,8.116653,8.096066,,-8.926209084002313,-7.000968400836571,20.370277949243288,Technology,Semiconductor Equipment & Materials,United States,6500,2025-Q1
TER,"Teradyne, Inc.",2025-02-01 00:00:00-05:00,2025,1,2,109.46629333496094,112.17654683798963,120.20765963724587,107.0350351745288,44835200,159073532,17413189915.740295,17.413189915740297,685680000.0,685.68,415336000.0,98896000.0,135318000.0,150121000.0,6.348876267260346,49.923874,33.948235,8.116653,8.096066,,0.0,-8.926209084002313,6.488361324445835,Technology,Semiconductor Equipment & Materials,United States,6500,2025-Q1
TER,"Teradyne, Inc.",2025-03-01 00:00:00-05:00,2025,1,3,82.3916015625,110.68005088168997,111.40821246564694,79.39917045773502,81091200,159073532,13106323067.683594,13.106323067683594,685680000.0,685.68,415336000.0,98896000.0,135318000.0,150121000.0,4.778585881053696,49.923874,33.948235,8.116653,8.096066,,0.0,-8.926209084002313,-26.50048196652961,Technology,Semiconductor Equipment & Materials,United States,6500,2025-Q1
TER,"Teradyne, Inc.",2025-04-01 00:00:00-04:00,2025,2,4,74.02276611328125,81.67341275865937,84.67582061311903,65.60405792808659,92472500,159073532,11775062854.04956,11.77506285404956,651797000.0,651.797,373012000.0,78372000.0,93115000.0,128753000.0,4.516384263064098,49.923874,33.948235,8.116653,8.096066,,-4.941517909228798,-13.426636772729928,-35.94735678452603,Technology,Semiconductor Equipment & Materials,United States,6500,2025-Q2
TER,"Teradyne, Inc.",2025-05-01 00:00:00-04:00,2025,2,5,78.40169525146484,74.97037934620104,85.63340392332022,72.92554833285939,55266100,159073532,12471634578.43814,12.471634578438142,651797000.0,651.797,373012000.0,78372000.0,93115000.0,128753000.0,4.783557832591336,49.923874,33.948235,8.116653,8.096066,,0.0,-4.941517909228798,-44.009120675081206,Technology,Semiconductor Equipment & Materials,United States,6500,2025-Q2
TER,"Teradyne, Inc.",2025-06-01 00:00:00-04:00,2025,2,6,89.82962036132812,77.92160287880682,91.6477907902979,77.70182277941603,67678900,159073532,14289514989.095581,14.289514989095581,651797000.0,651.797,373012000.0,78372000.0,93115000.0,128753000.0,5.480814958144784,49.923874,33.948235,8.116653,8.096066,,0.0,-4.941517909228798,-39.07996484543197,Technology,Semiconductor Equipment & Materials,United States,6500,2025-Q2
TER,"Teradyne, Inc.",2025-07-01 00:00:00-04:00,2025,3,7,107.322021484375,89.43001932157195,113.31599083257416,88.51094585072903,100667000,159073532,17072093018.899414,17.072093018899412,,,,,,,,49.923874,33.948235,8.116653,8.096066,,0.0,-4.941517909228798,-17.711370842254283,Technology,Semiconductor Equipment & Materials,United States,6500,2025-Q3
TER,"Teradyne, Inc.",2025-08-01 00:00:00-04:00,2025,3,8,118.12115478515625,104.27508486807156,120.0691994122559,102.3170557796196,75663500,159073532,18789949295.593506,18.789949295593505,,,,,,,,49.923874,33.948235,8.116653,8.096066,,0.0,0.0,-13.12070026090092,Technology,Semiconductor Equipment & Materials,United States,6500,2025-Q3
TER,"Teradyne, Inc.",2025-09-01 00:00:00-04:00,2025,3,9,137.5016632080078,116.07322475066348,138.10106627059284,109.44988340725679,86412900,159073532,21872875222.372253,21.872875222372254,,,,,,,,49.923874,33.948235,8.116653,8.096066,,0.0,0.0,3.248202413159218,Technology,Semiconductor Equipment & Materials,United States,6500,2025-Q3
TER,"Teradyne, Inc.",2025-10-01 00:00:00-04:00,2025,4,10,144.27999877929688,135.9199981689453,150.7100067138672,131.75,54962513,159073532,22951129002.778442,22.951129002778444,,,,,,,,49.923874,33.948235,8.116653,8.096066,,0.0,0.0,36.484013832389635,Technology,Semiconductor Equipment & Materials,United States,6500,2025-Q4
