ticker,company_name,date,year,quarter,month,close_price,open_price,high_price,low_price,volume,shares_outstanding,market_cap,market_cap_billions,revenue,revenue_millions,gross_profit,net_income,operating_income,ebitda,ps_ratio,current_pe,forward_pe,current_ps,current_pb,peg_ratio,revenue_qoq_pct,revenue_yoy_pct,market_cap_yoy_pct,sector,industry,country,employees,year_quarter
TRI,THOMSON REUTERS CORP,2015-01-01 00:00:00-05:00,2015,1,1,30.54779052734375,31.995628220598352,32.1706430132618,30.245494905805334,16407305,450687724,13767514185.997314,13.767514185997314,,,,,,,,42.61236,37.736317,9.345216,5.419212,,,,,Industrials,Specialty Business Services,Canada,26400,2015-Q1
TRI,THOMSON REUTERS CORP,2015-02-01 00:00:00-05:00,2015,1,2,31.239885330200195,30.961453802381733,32.114953341314255,30.181850784752342,18685957,450687724,14079432817.488914,14.079432817488915,,,,,,,,42.61236,37.736317,9.345216,5.419212,,,,,Industrials,Specialty Business Services,Canada,26400,2015-Q1
TRI,THOMSON REUTERS CORP,2015-03-01 00:00:00-05:00,2015,1,3,32.54167938232422,31.426466733638534,33.01504077697,31.089498804159422,19387308,450687724,14666135415.957428,14.666135415957427,,,,,,,,42.61236,37.736317,9.345216,5.419212,,,,,Industrials,Specialty Business Services,Canada,26400,2015-Q1
TRI,THOMSON REUTERS CORP,2015-04-01 00:00:00-04:00,2015,2,4,32.94282531738281,32.50155454136809,34.210473391673375,32.26888374560449,21288175,450687724,14846926964.420837,14.846926964420838,,,,,,,,42.61236,37.736317,9.345216,5.419212,,,,,Industrials,Specialty Business Services,Canada,26400,2015-Q2
TRI,THOMSON REUTERS CORP,2015-05-01 00:00:00-04:00,2015,2,5,32.060298919677734,32.846563475963336,33.32794759316293,31.71530534798768,12668943,450687724,14449183150.869217,14.449183150869217,,,,,,,,42.61236,37.736317,9.345216,5.419212,,,,,Industrials,Specialty Business Services,Canada,26400,2015-Q2
TRI,THOMSON REUTERS CORP,2015-06-01 00:00:00-04:00,2015,2,6,30.79666519165039,32.32557695246567,32.57635107501064,30.707680154553604,15676098,450687724,13879678942.014938,13.87967894201494,,,,,,,,42.61236,37.736317,9.345216,5.419212,,,,,Industrials,Specialty Business Services,Canada,26400,2015-Q2
TRI,THOMSON REUTERS CORP,2015-07-01 00:00:00-04:00,2015,3,7,32.72196578979492,31.120246830425877,33.15879607201162,30.084794190799926,16306575,450687724,14747388286.608536,14.747388286608535,,,,,,,,42.61236,37.736317,9.345216,5.419212,,,,,Industrials,Specialty Business Services,Canada,26400,2015-Q3
TRI,THOMSON REUTERS CORP,2015-08-01 00:00:00-04:00,2015,3,8,31.403385162353516,32.64107512809906,33.458112761180644,29.518532732682615,21366564,450687724,14153120184.716476,14.153120184716476,,,,,,,,42.61236,37.736317,9.345216,5.419212,,,,,Industrials,Specialty Business Services,Canada,26400,2015-Q3
TRI,THOMSON REUTERS CORP,2015-09-01 00:00:00-04:00,2015,3,9,32.83518600463867,31.155094375678587,33.12063664786564,30.730994565129503,21488287,450687724,14798415247.547256,14.798415247547256,,,,,,,,42.61236,37.736317,9.345216,5.419212,,,,,Industrials,Specialty Business Services,Canada,26400,2015-Q3
TRI,THOMSON REUTERS CORP,2015-10-01 00:00:00-04:00,2015,4,10,33.455020904541016,33.00645224036336,34.60498462964822,32.53341766530148,18069829,450687724,15077767227.840012,15.077767227840011,,,,,,,,42.61236,37.736317,9.345216,5.419212,,,,,Industrials,Specialty Business Services,Canada,26400,2015-Q4
TRI,THOMSON REUTERS CORP,2015-11-01 00:00:00-04:00,2015,4,11,32.900413513183594,33.4631621844589,33.82201636619868,31.66889127576002,16015942,450687724,14827812484.915558,14.827812484915558,,,,,,,,42.61236,37.736317,9.345216,5.419212,,,,,Industrials,Specialty Business Services,Canada,26400,2015-Q4
TRI,THOMSON REUTERS CORP,2015-12-01 00:00:00-05:00,2015,4,12,31.13388442993164,33.346570015630135,33.938814480451505,30.54986810077482,16139400,450687724,14031659513.004929,14.031659513004929,,,,,,,,42.61236,37.736317,9.345216,5.419212,,,,,Industrials,Specialty Business Services,Canada,26400,2015-Q4
TRI,THOMSON REUTERS CORP,2016-01-01 00:00:00-05:00,2016,1,1,30.763731002807617,30.68970196073111,30.928242335424102,27.93412580796665,21081710,450687724,13864835907.403603,13.864835907403602,,,,,,,,42.61236,37.736317,9.345216,5.419212,,,,0.7068939250142403,Industrials,Specialty Business Services,Canada,26400,2016-Q1
TRI,THOMSON REUTERS CORP,2016-02-01 00:00:00-05:00,2016,1,2,30.105695724487305,29.916508969593682,31.273731830220747,27.975266545240792,20698240,450687724,13568267485.505714,13.568267485505714,,,,,,,,42.61236,37.736317,9.345216,5.419212,,,,-3.630581846651171,Industrials,Specialty Business Services,Canada,26400,2016-Q1
TRI,THOMSON REUTERS CORP,2016-03-01 00:00:00-05:00,2016,1,3,33.6101188659668,30.621078319943738,34.02526364042386,30.064783468139648,19857831,450687724,15147667975.072037,15.147667975072038,,,,,,,,42.61236,37.736317,9.345216,5.419212,,,,3.2832954657617597,Industrials,Specialty Business Services,Canada,26400,2016-Q1
TRI,THOMSON REUTERS CORP,2016-04-01 00:00:00-04:00,2016,2,4,34.149810791015625,33.22818860873617,34.872162982519725,32.8047414033951,16547903,450687724,15390900500.433472,15.390900500433471,,,,,,,,42.61236,37.736317,9.345216,5.419212,,,,3.663879652107216,Industrials,Specialty Business Services,Canada,26400,2016-Q2
TRI,THOMSON REUTERS CORP,2016-05-01 00:00:00-04:00,2016,2,5,34.913673400878906,33.72635896940552,35.18767115052791,33.19497438542263,17032873,450687724,15735164001.521454,15.735164001521454,,,,,,,,42.61236,37.736317,9.345216,5.419212,,,,8.90002457041923,Industrials,Specialty Business Services,Canada,26400,2016-Q2
TRI,THOMSON REUTERS CORP,2016-06-01 00:00:00-04:00,2016,2,6,33.83794021606445,35.23599560112532,35.83875112355133,32.00456344837105,19952592,450687724,15250344260.826157,15.250344260826157,,,,,,,,42.61236,37.736317,9.345216,5.419212,,,,9.875338792326826,Industrials,Specialty Business Services,Canada,26400,2016-Q2
TRI,THOMSON REUTERS CORP,2016-07-01 00:00:00-04:00,2016,3,7,35.25273513793945,33.837934723348,36.56707016440913,33.38587123025538,15288782,450687724,15887974964.092758,15.887974964092757,,,,,,,,42.61236,37.736317,9.345216,5.419212,,,,7.734160485351427,Industrials,Specialty Business Services,Canada,26400,2016-Q3
TRI,THOMSON REUTERS CORP,2016-08-01 00:00:00-04:00,2016,3,8,34.73368453979492,34.82577266239294,35.470386445234375,34.331850771326266,15298121,450687724,15654045231.37416,15.65404523137416,,,,,,,,42.61236,37.736317,9.345216,5.419212,,,,10.60490568205934,Industrials,Specialty Business Services,Canada,26400,2016-Q3
TRI,THOMSON REUTERS CORP,2016-09-01 00:00:00-04:00,2016,3,9,34.924591064453125,34.99210994753049,35.954265658136464,33.979314299499585,20380453,450687724,15740084458.469116,15.740084458469116,,,,,,,,42.61236,37.736317,9.345216,5.419212,,,,6.363311173322672,Industrials,Specialty Business Services,Canada,26400,2016-Q3
TRI,THOMSON REUTERS CORP,2016-10-01 00:00:00-04:00,2016,4,10,33.261924743652344,34.77268070374505,35.236879739569595,33.11000489008421,14201073,450687724,14990741158.575958,14.990741158575958,,,,,,,,42.61236,37.736317,9.345216,5.419212,,,,-0.5771814085534177,Industrials,Specialty Business Services,Canada,26400,2016-Q4
TRI,THOMSON REUTERS CORP,2016-11-01 00:00:00-04:00,2016,4,11,36.4691162109375,33.44760724266417,36.75607698194225,33.44760724266417,17387157,450687724,16436182981.398926,16.436182981398925,,,,,,,,42.61236,37.736317,9.345216,5.419212,,,,10.846984328400255,Industrials,Specialty Business Services,Canada,26400,2016-Q4
TRI,THOMSON REUTERS CORP,2016-12-01 00:00:00-05:00,2016,4,12,37.254974365234375,36.897573923805716,38.87179794357565,36.55718853181899,14030044,450687724,16790359604.345825,16.790359604345824,,,,,,,,42.61236,37.736317,9.345216,5.419212,,,,19.66054042847931,Industrials,Specialty Business Services,Canada,26400,2016-Q4
TRI,THOMSON REUTERS CORP,2017-01-01 00:00:00-05:00,2017,1,1,38.15699005126953,37.33156166601932,38.718624217576576,37.161367410382816,11535681,450687724,17196887000.89731,17.19688700089731,,,,,,,,42.61236,37.736317,9.345216,5.419212,,,,24.032387514333607,Industrials,Specialty Business Services,Canada,26400,2017-Q1
TRI,THOMSON REUTERS CORP,2017-02-01 00:00:00-05:00,2017,1,2,35.99555969238281,37.986802010001746,38.39526325506931,35.970029301544734,29609749,450687724,16222756871.86615,16.22275687186615,,,,,,,,42.61236,37.736317,9.345216,5.419212,,,,19.56395235571595,Industrials,Specialty Business Services,Canada,26400,2017-Q1
TRI,THOMSON REUTERS CORP,2017-03-01 00:00:00-05:00,2017,1,3,37.071533203125,36.47982943396304,37.92907508018442,36.20541641133112,30431763,450687724,16707684924.506836,16.707684924506836,,,,,,,,42.61236,37.736317,9.345216,5.419212,,,,10.298726853546448,Industrials,Specialty Business Services,Canada,26400,2017-Q1
TRI,THOMSON REUTERS CORP,2017-04-01 00:00:00-04:00,2017,2,4,38.958126068115234,36.96005430659647,39.44692772737062,36.41980315713099,21543272,450687724,17557949168.943924,17.557949168943924,,,,,,,,42.61236,37.736317,9.345216,5.419212,,,,14.080064181101148,Industrials,Specialty Business Services,Canada,26400,2017-Q2
TRI,THOMSON REUTERS CORP,2017-05-01 00:00:00-04:00,2017,2,5,37.44028854370117,38.6151215424377,38.6322713773829,36.71995452305394,21520068,450687724,16873878429.663956,16.873878429663957,,,,,,,,42.61236,37.736317,9.345216,5.419212,,,,7.236749664842379,Industrials,Specialty Business Services,Canada,26400,2017-Q2
TRI,THOMSON REUTERS CORP,2017-06-01 00:00:00-04:00,2017,2,6,40.00668716430664,37.66453821607106,40.65488368401258,37.51761278262883,46959444,450687724,18030522782.861374,18.030522782861375,,,,,,,,42.61236,37.736317,9.345216,5.419212,,,,18.230267294206026,Industrials,Specialty Business Services,Canada,26400,2017-Q2
TRI,THOMSON REUTERS CORP,2017-07-01 00:00:00-04:00,2017,3,7,39.660987854003906,40.00669143142143,40.23139907423412,39.237498907973986,20674265,450687724,17874720347.512665,17.874720347512664,,,,,,,,42.61236,37.736317,9.345216,5.419212,,,,12.504711191388473,Industrials,Specialty Business Services,Canada,26400,2017-Q3
TRI,THOMSON REUTERS CORP,2017-08-01 00:00:00-04:00,2017,3,8,39.488128662109375,40.47338653045608,41.977202842623385,38.865858529524665,24218200,450687724,17796814831.74524,17.796814831745237,,,,,,,,42.61236,37.736317,9.345216,5.419212,,,,13.68828036906713,Industrials,Specialty Business Services,Canada,26400,2017-Q3
TRI,THOMSON REUTERS CORP,2017-09-01 00:00:00-04:00,2017,3,9,39.94847869873047,40.087791568197176,40.35771385124092,38.97327581796751,13847652,450687724,18004288941.993317,18.004288941993316,,,,,,,,42.61236,37.736317,9.345216,5.419212,,,,14.384957650630149,Industrials,Specialty Business Services,Canada,26400,2017-Q3
TRI,THOMSON REUTERS CORP,2017-10-01 00:00:00-04:00,2017,4,10,40.784366607666016,40.00942955438354,42.32553405948328,39.843993518304984,16079500,450687724,18381013361.190598,18.381013361190597,,,,,,,,42.61236,37.736317,9.345216,5.419212,,,,22.615774408693067,Industrials,Specialty Business Services,Canada,26400,2017-Q4
TRI,THOMSON REUTERS CORP,2017-11-01 00:00:00-04:00,2017,4,11,38.37247848510742,39.6176035520053,39.6524301673494,37.789097493232475,15907413,450687724,17294004992.69203,17.29400499269203,,,,,,,,42.61236,37.736317,9.345216,5.419212,,,,5.219107211594776,Industrials,Specialty Business Services,Canada,26400,2017-Q4
TRI,THOMSON REUTERS CORP,2017-12-01 00:00:00-05:00,2017,4,12,38.25197219848633,38.98032959138032,39.234817385285886,37.77809937580747,13957047,450687724,17239694288.64708,17.23969428864708,,,,,,,,42.61236,37.736317,9.345216,5.419212,,,,2.676146877669927,Industrials,Specialty Business Services,Canada,26400,2017-Q4
TRI,THOMSON REUTERS CORP,2018-01-01 00:00:00-05:00,2018,1,1,38.006248474121094,38.34849147161662,42.20089070687385,37.64645893458847,24689683,450687724,17128949622.580109,17.12894962258011,,,,,,,,42.61236,37.736317,9.345216,5.419212,,,,-0.3950562582265893,Industrials,Specialty Business Services,Canada,26400,2018-Q1
TRI,THOMSON REUTERS CORP,2018-02-01 00:00:00-05:00,2018,1,2,34.56630325317383,37.68157120675554,38.0325859520787,34.23283827800974,24553515,450687724,15578608540.266708,15.578608540266709,,,,,,,,42.61236,37.736317,9.345216,5.419212,,,,-3.97064652258049,Industrials,Specialty Business Services,Canada,26400,2018-Q1
TRI,THOMSON REUTERS CORP,2018-03-01 00:00:00-05:00,2018,1,3,34.21379089355469,34.86885496428135,36.01079124313512,33.8331454672701,17770142,450687724,15419735547.228088,15.419735547228088,,,,,,,,42.61236,37.736317,9.345216,5.419212,,,,-7.708724357074647,Industrials,Specialty Business Services,Canada,26400,2018-Q1
TRI,THOMSON REUTERS CORP,2018-04-01 00:00:00-04:00,2018,2,4,35.60358810424805,34.1783814667458,35.81604167156598,34.0367479231383,15539547,450687724,16046100088.937027,16.046100088937028,,,,,,,,42.61236,37.736317,9.345216,5.419212,,,,-8.610624540826329,Industrials,Specialty Business Services,Canada,26400,2018-Q2
TRI,THOMSON REUTERS CORP,2018-05-01 00:00:00-04:00,2018,2,5,34.364280700683594,35.52392040389472,35.63899888000747,32.328271639454776,24611007,450687724,15487559455.888214,15.487559455888213,,,,,,,,42.61236,37.736317,9.345216,5.419212,,,,-8.215769596506151,Industrials,Specialty Business Services,Canada,26400,2018-Q2
TRI,THOMSON REUTERS CORP,2018-06-01 00:00:00-04:00,2018,2,6,36.0156135559082,34.69361080334851,36.87312699246044,34.69361080334851,26924710,450687724,16231794901.975815,16.231794901975814,,,,,,,,42.61236,37.736317,9.345216,5.419212,,,,-9.976016239503116,Industrials,Specialty Business Services,Canada,26400,2018-Q2
TRI,THOMSON REUTERS CORP,2018-07-01 00:00:00-04:00,2018,3,7,36.980316162109375,35.83696492636141,38.03434492834129,35.720843419023915,12497431,450687724,16666574523.90149,16.666574523901488,,,,,,,,42.61236,37.736317,9.345216,5.419212,,,,-6.758963497738268,Industrials,Specialty Business Services,Canada,26400,2018-Q3
TRI,THOMSON REUTERS CORP,2018-08-01 00:00:00-04:00,2018,3,8,39.77616500854492,37.12323128361832,41.34827436870594,36.29251373461451,33109482,450687724,17926629277.14955,17.92662927714955,,,,,,,,42.61236,37.736317,9.345216,5.419212,,,,0.7294251619270442,Industrials,Specialty Business Services,Canada,26400,2018-Q3
TRI,THOMSON REUTERS CORP,2018-09-01 00:00:00-04:00,2018,3,9,40.80340576171875,39.54392967761306,41.02671358677351,39.40994432630399,71820734,450687724,18389594074.19751,18.38959407419751,,,,,,,,42.61236,37.736317,9.345216,5.419212,,,,2.1400741425866787,Industrials,Specialty Business Services,Canada,26400,2018-Q3
TRI,THOMSON REUTERS CORP,2018-10-01 00:00:00-04:00,2018,4,10,41.62517547607422,40.93737852970865,42.47375676341746,39.651107083267306,74138481,450687724,18759955596.412506,18.759955596412507,,,,,,,,42.61236,37.736317,9.345216,5.419212,,,,2.061595994603871,Industrials,Specialty Business Services,Canada,26400,2018-Q4
TRI,THOMSON REUTERS CORP,2018-11-01 00:00:00-04:00,2018,4,11,44.94804763793945,41.696636264213566,45.17135868738155,40.88378588181726,17867984,450687724,20257533288.18651,20.257533288186508,,,,,,,,42.61236,37.736317,9.345216,5.419212,,,,17.136159592568532,Industrials,Specialty Business Services,Canada,26400,2018-Q4
TRI,THOMSON REUTERS CORP,2018-12-01 00:00:00-05:00,2018,4,12,43.152618408203125,45.55544813650826,46.22538119733926,41.49118691119088,17932411,450687724,19448355375.03357,19.448355375033568,,,,,,,,42.61236,37.736317,9.345216,5.419212,,,,12.811486383728777,Industrials,Specialty Business Services,Canada,26400,2018-Q4
TRI,THOMSON REUTERS CORP,2019-01-01 00:00:00-05:00,2019,1,1,46.75239944458008,42.82212632249508,46.95784665825049,41.83955640128374,11143163,450687724,21070732497.21666,21.07073249721666,,,,,,,,42.61236,37.736317,9.345216,5.419212,,,,23.01240275375862,Industrials,Specialty Business Services,Canada,26400,2019-Q1
TRI,THOMSON REUTERS CORP,2019-02-01 00:00:00-05:00,2019,1,2,48.601417541503906,46.966781491650266,49.53932465519647,46.573754155035715,10289846,450687724,21904062254.95407,21.90406225495407,,,,,,,,42.61236,37.736317,9.345216,5.419212,,,,40.60345760879534,Industrials,Specialty Business Services,Canada,26400,2019-Q1
TRI,THOMSON REUTERS CORP,2019-03-01 00:00:00-05:00,2019,1,3,52.88006591796875,48.64608708953699,53.040850297939926,47.99401765099514,12071497,450687724,23832396553.539307,23.832396553539308,,,,,,,,42.61236,37.736317,9.345216,5.419212,,,,54.55775152916622,Industrials,Specialty Business Services,Canada,26400,2019-Q1
TRI,THOMSON REUTERS CORP,2019-04-01 00:00:00-04:00,2019,2,4,55.60539245605469,53.34844384661094,55.650348893875154,52.36833404467565,8592657,450687724,25060667768.146057,25.060667768146057,,,,,,,,42.61236,37.736317,9.345216,5.419212,,,,56.17918141632507,Industrials,Specialty Business Services,Canada,26400,2019-Q2
TRI,THOMSON REUTERS CORP,2019-05-01 00:00:00-04:00,2019,2,5,57.26887512207031,55.749261588289556,59.04026453548832,54.7152007220756,9539960,450687724,25810378984.80609,25.810378984806093,,,,,,,,42.61236,37.736317,9.345216,5.419212,,,,66.6523318817236,Industrials,Specialty Business Services,Canada,26400,2019-Q2
TRI,THOMSON REUTERS CORP,2019-06-01 00:00:00-04:00,2019,2,6,58.2829475402832,57.58673586528245,60.79655182449702,56.98998395000337,7665676,450687724,26267408974.941635,26.267408974941635,,,,,,,,42.61236,37.736317,9.345216,5.419212,,,,61.82689057846731,Industrials,Specialty Business Services,Canada,26400,2019-Q2
TRI,THOMSON REUTERS CORP,2019-07-01 00:00:00-04:00,2019,3,7,60.73325729370117,58.52708010744626,64.13294496258983,58.20157724854615,10246417,450687724,27371733500.80458,27.37173350080458,,,,,,,,42.61236,37.736317,9.345216,5.419212,,,,64.23130896844371,Industrials,Specialty Business Services,Canada,26400,2019-Q3
TRI,THOMSON REUTERS CORP,2019-08-01 00:00:00-04:00,2019,3,8,62.09855651855469,61.736888892933685,62.84902199008279,58.31007767736938,11023656,450687724,27987057101.032776,27.987057101032775,,,,,,,,42.61236,37.736317,9.345216,5.419212,,,,56.12001937646416,Industrials,Specialty Business Services,Canada,26400,2019-Q3
TRI,THOMSON REUTERS CORP,2019-09-01 00:00:00-04:00,2019,3,9,60.795528411865234,62.14997478545119,64.7952329102715,59.82286973629873,9249810,450687724,27399798329.320877,27.399798329320877,,,,,,,,42.61236,37.736317,9.345216,5.419212,,,,48.99621067637163,Industrials,Specialty Business Services,Canada,26400,2019-Q3
TRI,THOMSON REUTERS CORP,2019-10-01 00:00:00-04:00,2019,4,10,61.140960693359375,60.959153201102495,61.79545965104762,59.168374113551494,7016323,450687724,27555480418.0636,27.5554804180636,,,,,,,,42.61236,37.736317,9.345216,5.419212,,,,46.88457164223286,Industrials,Specialty Business Services,Canada,26400,2019-Q4
TRI,THOMSON REUTERS CORP,2019-11-01 00:00:00-04:00,2019,4,11,64.13166809082031,61.43186404762022,65.94971687217537,60.27740414005163,8183288,450687724,28903355528.175232,28.903355528175233,,,,,,,,42.61236,37.736317,9.345216,5.419212,,,,42.67954107241017,Industrials,Specialty Business Services,Canada,26400,2019-Q4
TRI,THOMSON REUTERS CORP,2019-12-01 00:00:00-05:00,2019,4,12,65.41526794433594,64.03569399555536,66.89532758828227,63.24998580647445,6937163,450687724,29481858224.682922,29.481858224682924,,,,,,,,42.61236,37.736317,9.345216,5.419212,,,,51.59049521755272,Industrials,Specialty Business Services,Canada,26400,2019-Q4
TRI,THOMSON REUTERS CORP,2020-01-01 00:00:00-05:00,2020,1,1,73.40032196044922,65.42441456797461,74.2774004554866,65.37872948074917,10058442,450687724,33080624045.222076,33.08062404522207,,,,,,,,42.61236,37.736317,9.345216,5.419212,,,,56.99797835500908,Industrials,Specialty Business Services,Canada,26400,2020-Q1
TRI,THOMSON REUTERS CORP,2020-02-01 00:00:00-05:00,2020,1,2,68.04649353027344,73.68353271495513,75.37373291679566,66.93187429311686,9762703,450687724,30667719295.33966,30.667719295339662,,,,,,,,42.61236,37.736317,9.345216,5.419212,,,,40.00927744991001,Industrials,Specialty Business Services,Canada,26400,2020-Q1
TRI,THOMSON REUTERS CORP,2020-03-01 00:00:00-05:00,2020,1,3,61.99829864501953,68.22005210277463,71.60045122168827,47.718404675590115,21667695,450687724,27941872108.196136,27.941872108196137,,,,,,,,42.61236,37.736317,9.345216,5.419212,,,,17.243232527727216,Industrials,Specialty Business Services,Canada,26400,2020-Q1
TRI,THOMSON REUTERS CORP,2020-04-01 00:00:00-04:00,2020,2,4,64.73341369628906,60.86831901289361,66.9735113196317,58.47214445285807,11415112,450687724,29174554885.530945,29.174554885530945,,,,,,,,42.61236,37.736317,9.345216,5.419212,,,,16.4157122844665,Industrials,Specialty Business Services,Canada,26400,2020-Q2
TRI,THOMSON REUTERS CORP,2020-05-01 00:00:00-04:00,2020,2,5,61.841487884521484,64.27438351809943,65.36688846694511,59.1882471262032,12220373,450687724,27871199423.448563,27.871199423448562,,,,,,,,42.61236,37.736317,9.345216,5.419212,,,,7.98446407879414,Industrials,Specialty Business Services,Canada,26400,2020-Q2
TRI,THOMSON REUTERS CORP,2020-06-01 00:00:00-04:00,2020,2,6,62.75232696533203,62.059900172771016,65.89133385143109,60.96125318912544,11529037,450687724,28281703415.70932,28.28170341570932,,,,,,,,42.61236,37.736317,9.345216,5.419212,,,,7.668416944698531,Industrials,Specialty Business Services,Canada,26400,2020-Q2
TRI,THOMSON REUTERS CORP,2020-07-01 00:00:00-04:00,2020,3,7,64.47876739501953,63.05698678626999,65.54972554122256,61.57980851604292,10364482,450687724,29059788923.58676,29.059788923586762,,,,,,,,42.61236,37.736317,9.345216,5.419212,,,,6.167148393186572,Industrials,Specialty Business Services,Canada,26400,2020-Q3
TRI,THOMSON REUTERS CORP,2020-08-01 00:00:00-04:00,2020,3,8,70.50750732421875,64.87576846566316,71.70771096384546,64.16487809579881,11293679,450687724,31776868000.86548,31.776868000865477,,,,,,,,42.61236,37.736317,9.345216,5.419212,,,,13.541298344272334,Industrials,Specialty Business Services,Canada,26400,2020-Q3
TRI,THOMSON REUTERS CORP,2020-09-01 00:00:00-04:00,2020,3,9,74.0185775756836,70.97506739004203,74.77017325933768,69.42547011764226,8051450,450687724,33359264261.302277,33.35926426130228,,,,,,,,42.61236,37.736317,9.345216,5.419212,,,,21.750035749730667,Industrials,Specialty Business Services,Canada,26400,2020-Q3
TRI,THOMSON REUTERS CORP,2020-10-01 00:00:00-04:00,2020,4,10,72.23698425292969,74.38971449881683,77.71159778994455,71.54105949660183,6840575,450687724,32556322021.57672,32.55632202157672,,,,,,,,42.61236,37.736317,9.345216,5.419212,,,,18.148264982652563,Industrials,Specialty Business Services,Canada,26400,2020-Q4
TRI,THOMSON REUTERS CORP,2020-11-01 00:00:00-04:00,2020,4,11,73.61027526855469,72.93291424699719,83.09341137889318,72.80300229600381,8556160,450687724,33175247423.7984,33.1752474237984,,,,,,,,42.61236,37.736317,9.345216,5.419212,,,,14.779916786682069,Industrials,Specialty Business Services,Canada,26400,2020-Q4
TRI,THOMSON REUTERS CORP,2020-12-01 00:00:00-05:00,2020,4,12,76.34437561035156,74.50778315473922,76.75457507251869,73.37972264705365,6260659,450687724,34407472884.03046,34.407472884030454,,,,,,,,42.61236,37.736317,9.345216,5.419212,,,,16.70727340796887,Industrials,Specialty Business Services,Canada,26400,2020-Q4
TRI,THOMSON REUTERS CORP,2021-01-01 00:00:00-05:00,2021,1,1,76.02737426757812,76.43758044786331,77.6215740643734,72.75507446856555,8665172,450687724,34264604270.350952,34.26460427035095,,,,,,,,42.61236,37.736317,9.345216,5.419212,,,,3.5790746374988025,Industrials,Specialty Business Services,Canada,26400,2021-Q1
TRI,THOMSON REUTERS CORP,2021-02-01 00:00:00-05:00,2021,1,2,81.0057601928711,77.2486756716166,83.8771765011291,74.7315184290893,10248537,450687724,36508301692.214874,36.50830169221487,,,,,,,,42.61236,37.736317,9.345216,5.419212,,,,19.044723673868912,Industrials,Specialty Business Services,Canada,26400,2021-Q1
TRI,THOMSON REUTERS CORP,2021-03-01 00:00:00-05:00,2021,1,3,81.63969421386719,81.63969421386719,83.73732263240825,79.3835807806541,12392269,450687724,36794007973.30377,36.79400797330377,,,,,,,,42.61236,37.736317,9.345216,5.419212,,,,31.68053962465549,Industrials,Specialty Business Services,Canada,26400,2021-Q1
TRI,THOMSON REUTERS CORP,2021-04-01 00:00:00-04:00,2021,2,4,86.83358764648438,82.23480909307365,87.2831640286709,82.1130493963491,6335579,450687724,39134831983.14856,39.13483198314856,,,,,,,,42.61236,37.736317,9.345216,5.419212,,,,34.14028812675183,Industrials,Specialty Business Services,Canada,26400,2021-Q2
TRI,THOMSON REUTERS CORP,2021-05-01 00:00:00-04:00,2021,2,5,91.76017761230469,86.67436056425522,92.8560217012639,86.37464069955058,12459871,450687724,41355185601.925354,41.355185601925356,,,,,,,,42.61236,37.736317,9.345216,5.419212,,,,48.37964083860869,Industrials,Specialty Business Services,Canada,26400,2021-Q2
TRI,THOMSON REUTERS CORP,2021-06-01 00:00:00-04:00,2021,2,6,93.42533874511719,92.50350079115066,93.51940511183813,90.99846656783488,6717791,450687724,42105653282.96588,42.10565328296588,,,,,,,,42.61236,37.736317,9.345216,5.419212,,,,48.8794810696513,Industrials,Specialty Business Services,Canada,26400,2021-Q2
TRI,THOMSON REUTERS CORP,2021-07-01 00:00:00-04:00,2021,3,7,99.6994857788086,93.59467372044067,99.98168492158413,92.51292070638488,5097547,450687724,44933334329.62161,44.933334329621616,,,,,,,,42.61236,37.736317,9.345216,5.419212,,,,54.62374640013603,Industrials,Specialty Business Services,Canada,26400,2021-Q3
TRI,THOMSON REUTERS CORP,2021-08-01 00:00:00-04:00,2021,3,8,109.92433166503906,99.80294017483585,110.99667853943623,98.39196544763962,11514784,450687724,49541546850.337585,49.54154685033758,,,,,,,,42.61236,37.736317,9.345216,5.419212,,,,55.9044360475937,Industrials,Specialty Business Services,Canada,26400,2021-Q3
TRI,THOMSON REUTERS CORP,2021-09-01 00:00:00-04:00,2021,3,9,104.28868865966797,110.35835497596325,113.56781739455727,104.269810570471,8277658,450687724,47001631730.97037,47.00163173097037,,,,,,,,42.61236,37.736317,9.345216,5.419212,,,,40.8952888253403,Industrials,Specialty Business Services,Canada,26400,2021-Q3
TRI,THOMSON REUTERS CORP,2021-10-01 00:00:00-04:00,2021,4,10,113.5866928100586,104.7134709432669,113.98315347998599,102.19310045193528,9619312,450687724,51192128059.25247,51.192128059252475,,,,,,,,42.61236,37.736317,9.345216,5.419212,,,,57.2417425571748,Industrials,Specialty Business Services,Canada,26400,2021-Q4
TRI,THOMSON REUTERS CORP,2021-11-01 00:00:00-04:00,2021,4,11,112.8598403930664,112.69936970953384,116.67343610480282,108.78193064294683,9205798,450687724,50864544597.754364,50.86454459775437,,,,,,,,42.61236,37.736317,9.345216,5.419212,,,,53.320769391659375,Industrials,Specialty Business Services,Canada,26400,2021-Q4
TRI,THOMSON REUTERS CORP,2021-12-01 00:00:00-05:00,2021,4,12,113.29547882080078,114.52674273275198,115.78641882144387,107.41381030287138,7209983,450687724,51060881489.23691,51.060881489236905,,,,,,,,42.61236,37.736317,9.345216,5.419212,,,,48.40055723166987,Industrials,Specialty Business Services,Canada,26400,2021-Q4
TRI,THOMSON REUTERS CORP,2022-01-01 00:00:00-05:00,2022,1,1,101.68367767333984,112.88820681144598,112.97345029807389,96.45553111012967,8569447,450687724,45827585258.54715,45.82758525854715,,,,,,,,42.61236,37.736317,9.345216,5.419212,,,,33.746139009699895,Industrials,Specialty Business Services,Canada,26400,2022-Q1
TRI,THOMSON REUTERS CORP,2022-02-01 00:00:00-05:00,2022,1,2,95.7072982788086,101.47531075141929,103.37903780615873,90.86747252117567,10815839,450687724,43134104431.46536,43.13410443146536,,,,,,,,42.61236,37.736317,9.345216,5.419212,,,,18.148756398228706,Industrials,Specialty Business Services,Canada,26400,2022-Q1
TRI,THOMSON REUTERS CORP,2022-03-01 00:00:00-05:00,2022,1,3,103.55911254882812,96.14776402478776,104.8720344836001,96.01456985633092,9027838,450687724,46672820734.09119,46.67282073409119,,,,,,,,42.61236,37.736317,9.345216,5.419212,,,,26.848971625910067,Industrials,Specialty Business Services,Canada,26400,2022-Q1
TRI,THOMSON REUTERS CORP,2022-04-01 00:00:00-04:00,2022,2,4,95.10123443603516,103.39738262953848,104.53905696441896,94.84435945818343,6010949,450687724,42860958897.56711,42.86095889756711,,,,,,,,42.61236,37.736317,9.345216,5.419212,,,,9.52125440585261,Industrials,Specialty Business Services,Canada,26400,2022-Q2
TRI,THOMSON REUTERS CORP,2022-05-01 00:00:00-04:00,2022,2,5,94.22595977783203,94.53040162116089,95.9765248419234,87.10002570197767,12936845,450687724,42466483353.986664,42.46648335398666,,,,,,,,42.61236,37.736317,9.345216,5.419212,,,,2.687202912733566,Industrials,Specialty Business Services,Canada,26400,2022-Q2
TRI,THOMSON REUTERS CORP,2022-06-01 00:00:00-04:00,2022,2,6,99.60368347167969,94.70044106275041,100.79843071578867,90.74343903294331,10442387,450687724,44890157405.86774,44.89015740586774,,,,,,,,42.61236,37.736317,9.345216,5.419212,,,,6.613136018075627,Industrials,Specialty Business Services,Canada,26400,2022-Q2
TRI,THOMSON REUTERS CORP,2022-07-01 00:00:00-04:00,2022,3,7,107.31696319580078,98.97284821924544,108.07204112549421,96.83186082691071,9782539,450687724,48366437889.30722,48.36643788930722,,,,,,,,42.61236,37.736317,9.345216,5.419212,,,,7.640438019803009,Industrials,Specialty Business Services,Canada,26400,2022-Q3
TRI,THOMSON REUTERS CORP,2022-08-01 00:00:00-04:00,2022,3,8,105.15687561035156,106.95377524092629,112.19154844686821,104.70764894712073,10040430,450687724,47392912931.78046,47.39291293178046,,,,,,,,42.61236,37.736317,9.345216,5.419212,,,,-4.337034378534932,Industrials,Specialty Business Services,Canada,26400,2022-Q3
TRI,THOMSON REUTERS CORP,2022-09-01 00:00:00-04:00,2022,3,9,98.45903015136719,105.43424971293697,110.34664750934004,98.41105328986973,8020734,450687724,44374276206.16705,44.37427620616705,,,,,,,,42.61236,37.736317,9.345216,5.419212,,,,-5.589924068683116,Industrials,Specialty Business Services,Canada,26400,2022-Q3
TRI,THOMSON REUTERS CORP,2022-10-01 00:00:00-04:00,2022,4,10,101.97062683105469,99.14983263207107,103.23710039244243,93.6329798469143,7794136,450687724,45956909721.34137,45.95690972134137,,,,,,,,42.61236,37.736317,9.345216,5.419212,,,,-10.226608145399984,Industrials,Specialty Business Services,Canada,26400,2022-Q4
TRI,THOMSON REUTERS CORP,2022-11-01 00:00:00-04:00,2022,4,11,112.94676208496094,103.61128654990135,113.14824939985323,96.45377448029355,13646385,450687724,50903719137.24054,50.90371913724054,,,,,,,,42.61236,37.736317,9.345216,5.419212,,,,0.07701737977992007,Industrials,Specialty Business Services,Canada,26400,2022-Q4
TRI,THOMSON REUTERS CORP,2022-12-01 00:00:00-05:00,2022,4,12,109.88648986816406,112.32370066531143,114.23108549008845,106.9290857834056,9378655,450687724,49524492017.03192,49.524492017031925,,,,,,,,42.61236,37.736317,9.345216,5.419212,,,,-3.0089364448767753,Industrials,Specialty Business Services,Canada,26400,2022-Q4
TRI,THOMSON REUTERS CORP,2023-01-01 00:00:00-05:00,2023,1,1,114.60677337646484,109.52041891952479,115.47376448745321,109.52041891952479,8262445,450687724,51651865848.022736,51.65186584802274,,,,,,,,42.61236,37.736317,9.345216,5.419212,,,,12.70911516855302,Industrials,Specialty Business Services,Canada,26400,2023-Q1
TRI,THOMSON REUTERS CORP,2023-02-01 00:00:00-05:00,2023,1,2,116.5912094116211,114.23106060666895,120.72387091330185,108.70157518733885,10726088,450687724,52546226808.13089,52.54622680813089,,,,,,,,42.61236,37.736317,9.345216,5.419212,,,,21.820604602143057,Industrials,Specialty Business Services,Canada,26400,2023-Q1
TRI,THOMSON REUTERS CORP,2023-03-01 00:00:00-05:00,2023,1,3,125.85269927978516,117.13818338673238,126.05582169619817,114.48804840335052,9408702,450687724,56720266597.66281,56.720266597662814,,,,,,,,42.61236,37.736317,9.345216,5.419212,,,,21.52740225583296,Industrials,Specialty Business Services,Canada,26400,2023-Q1
TRI,THOMSON REUTERS CORP,2023-04-01 00:00:00-04:00,2023,2,4,127.19713592529297,125.69797795832064,129.17991065800135,124.74043722790157,4765697,450687724,57326187689.48892,57.326187689488926,,,,,,,,42.61236,37.736317,9.345216,5.419212,,,,33.74919545428765,Industrials,Specialty Business Services,Canada,26400,2023-Q2
TRI,THOMSON REUTERS CORP,2023-05-01 00:00:00-04:00,2023,2,5,123.00910949707031,126.98432250651659,128.30939350966534,114.94262571157208,10722622,450687724,55438695590.5014,55.4386955905014,,,,,,,,42.61236,37.736317,9.345216,5.419212,,,,30.54694246373697,Industrials,Specialty Business Services,Canada,26400,2023-Q2
TRI,THOMSON REUTERS CORP,2023-06-01 00:00:00-04:00,2023,2,6,126.18106079101562,123.51346571991566,129.229449390416,118.4544536178005,9510925,450687724,56868255099.80847,56.86825509980847,,,,,,,,42.61236,37.736317,9.345216,5.419212,,,,26.683126961758074,Industrials,Specialty Business Services,Canada,26400,2023-Q2
TRI,THOMSON REUTERS CORP,2023-07-01 00:00:00-04:00,2023,3,7,131.13491821289062,130.13611018249912,131.19309890643302,125.23903292087316,8179700,450687724,59100897826.29382,59.100897826293824,,,,,,,,42.61236,37.736317,9.345216,5.419212,,,,22.194026282344346,Industrials,Specialty Business Services,Canada,26400,2023-Q3
TRI,THOMSON REUTERS CORP,2023-08-01 00:00:00-04:00,2023,3,8,124.88992309570312,129.9130679540644,134.64529457331005,121.98077769633804,7466300,450687724,56286355190.537476,56.28635519053748,,,,,,,,42.61236,37.736317,9.345216,5.419212,,,,18.765342133661743,Industrials,Specialty Business Services,Canada,26400,2023-Q3
TRI,THOMSON REUTERS CORP,2023-09-01 00:00:00-04:00,2023,3,9,119.05997467041016,125.86367783165073,127.48916785936754,118.84583683661582,5043800,450687724,53658869003.7048,53.6588690037048,,,,,,,,42.61236,37.736317,9.345216,5.419212,,,,20.92336730046178,Industrials,Specialty Business Services,Canada,26400,2023-Q3
TRI,THOMSON REUTERS CORP,2023-10-01 00:00:00-04:00,2023,4,10,116.68501281738281,118.35917338696805,124.91954004647476,114.32951128392432,6510800,450687724,52588502851.57709,52.58850285157709,,,,,,,,42.61236,37.736317,9.345216,5.419212,,,,14.430024060464962,Industrials,Specialty Business Services,Canada,26400,2023-Q4
TRI,THOMSON REUTERS CORP,2023-11-01 00:00:00-04:00,2023,4,11,136.1811981201172,119.71213514030346,138.57562721703042,116.64608574679207,10753800,450687724,61375194232.348694,61.3751942323487,,,,,,,,42.61236,37.736317,9.345216,5.419212,,,,20.571139540661477,Industrials,Specialty Business Services,Canada,26400,2023-Q4
TRI,THOMSON REUTERS CORP,2023-12-01 00:00:00-05:00,2023,4,12,142.84605407714844,136.564415084739,143.32475295958767,135.6265749112958,5284000,450687724,64378962994.41095,64.37896299441095,,,,,,,,42.61236,37.736317,9.345216,5.419212,,,,29.99419150482239,Industrials,Specialty Business Services,Canada,26400,2023-Q4
TRI,THOMSON REUTERS CORP,2024-01-01 00:00:00-05:00,2024,1,1,145.19065856933594,141.41972565917754,148.9420637029197,139.50496008588658,5553000,450687724,65435647456.67511,65.43564745667511,,,,,,,,42.61236,37.736317,9.345216,5.419212,,,,26.685931635478433,Industrials,Specialty Business Services,Canada,26400,2024-Q1
TRI,THOMSON REUTERS CORP,2024-02-01 00:00:00-05:00,2024,1,2,154.14907836914062,145.16136615092182,157.8418707196462,144.85852161079146,7200600,450687724,69473097286.88562,69.47309728688562,,,,,,,,42.61236,37.736317,9.345216,5.419212,,,,32.213293907024166,Industrials,Specialty Business Services,Canada,26400,2024-Q1
TRI,THOMSON REUTERS CORP,2024-03-01 00:00:00-05:00,2024,1,3,152.74893188476562,154.52314218150278,156.6992495501783,151.63147255683162,6265600,450687724,68842068454.57605,68.84206845457605,,,,,,,,42.61236,37.736317,9.345216,5.419212,,,,21.37120042629124,Industrials,Specialty Business Services,Canada,26400,2024-Q1
TRI,THOMSON REUTERS CORP,2024-04-01 00:00:00-04:00,2024,2,4,148.11244201660156,152.50385883080853,152.75871270084735,146.5440713901251,6359000,450687724,66752459388.54413,66.75245938854412,1740000000.0,1740.0,1318000000.0,841000000.0,409000000.0,640000000.0,9.590870601802317,42.61236,37.736317,9.345216,5.419212,,,,16.443220941384105,Industrials,Specialty Business Services,Canada,26400,2024-Q2
TRI,THOMSON REUTERS CORP,2024-05-01 00:00:00-04:00,2024,2,5,168.70703125,148.26927273048176,172.54952297763307,146.88716270330423,9572500,450687724,76034187936.85938,76.03418793685937,1740000000.0,1740.0,1318000000.0,841000000.0,409000000.0,640000000.0,10.924452289778646,42.61236,37.736317,9.345216,5.419212,,0.0,,37.15003054632964,Industrials,Specialty Business Services,Canada,26400,2024-Q2
TRI,THOMSON REUTERS CORP,2024-06-01 00:00:00-04:00,2024,2,6,165.77040100097656,168.73040559686675,170.32349587703317,161.79748881351384,8011800,450687724,74710684733.69745,74.71068473369745,1740000000.0,1740.0,1318000000.0,841000000.0,409000000.0,640000000.0,10.73429378357722,42.61236,37.736317,9.345216,5.419212,,0.0,,31.37502566691037,Industrials,Specialty Business Services,Canada,26400,2024-Q2
TRI,THOMSON REUTERS CORP,2024-07-01 00:00:00-04:00,2024,3,7,159.23081970214844,165.42619186989484,167.46180536472335,157.42138214999642,11998100,450687724,71763375722.21564,71.76337572221564,1724000000.0,1724.0,1290000000.0,301000000.0,415000000.0,611000000.0,10.406522001481386,42.61236,37.736317,9.345216,5.419212,,-0.919540229885063,,21.42518703038774,Industrials,Specialty Business Services,Canada,26400,2024-Q3
TRI,THOMSON REUTERS CORP,2024-08-01 00:00:00-04:00,2024,3,8,168.3370361328125,154.2155413529226,168.8385756585602,147.5186291975637,8861800,450687724,75867435679.60303,75.86743567960303,1724000000.0,1724.0,1290000000.0,301000000.0,415000000.0,611000000.0,11.001658306206936,42.61236,37.736317,9.345216,5.419212,,0.0,-0.919540229885063,34.78832555915328,Industrials,Specialty Business Services,Canada,26400,2024-Q3
TRI,THOMSON REUTERS CORP,2024-09-01 00:00:00-04:00,2024,3,9,168.31500244140625,167.88089335963645,171.55106916352688,163.27344479524163,5057700,450687724,75857505365.37183,75.85750536537182,1724000000.0,1724.0,1290000000.0,301000000.0,415000000.0,611000000.0,11.00021829544255,42.61236,37.736317,9.345216,5.419212,,0.0,-0.919540229885063,41.36992965717252,Industrials,Specialty Business Services,Canada,26400,2024-Q3
TRI,THOMSON REUTERS CORP,2024-10-01 00:00:00-04:00,2024,4,10,161.44822692871094,168.70964866647378,168.9365638617247,161.34956029368973,5263500,450687724,72762733938.33624,72.76273393833624,1909000000.0,1909.0,1418000000.0,587000000.0,517000000.0,1005000000.0,9.528907011306474,42.61236,37.736317,9.345216,5.419212,,10.730858468677496,9.712643678160916,38.3624366407574,Industrials,Specialty Business Services,Canada,26400,2024-Q4
TRI,THOMSON REUTERS CORP,2024-11-01 00:00:00-04:00,2024,4,11,160.4122772216797,161.33968933568548,171.2353470080925,156.8703650453503,6848500,450687724,72295844122.69586,72.29584412269587,1909000000.0,1909.0,1418000000.0,587000000.0,517000000.0,1005000000.0,9.467763766722873,42.61236,37.736317,9.345216,5.419212,,0.0,10.730858468677496,17.79326326692303,Industrials,Specialty Business Services,Canada,26400,2024-Q4
TRI,THOMSON REUTERS CORP,2024-12-01 00:00:00-05:00,2024,4,12,158.7652587890625,161.42817761154998,170.26826088247137,157.6862217023859,4943200,450687724,71553553133.91357,71.55355313391357,1909000000.0,1909.0,1418000000.0,587000000.0,517000000.0,1005000000.0,9.370554365363223,42.61236,37.736317,9.345216,5.419212,,0.0,10.730858468677496,11.144308335823116,Industrials,Specialty Business Services,Canada,26400,2024-Q4
TRI,THOMSON REUTERS CORP,2025-01-01 00:00:00-05:00,2025,1,1,166.55601501464844,158.70586357825334,168.8328610343947,150.07365760949745,6018600,450687724,75064751325.46173,75.06475132546173,1900000000.0,1900.0,1452000000.0,434000000.0,570000000.0,795000000.0,9.876940963876544,42.61236,37.736317,9.345216,5.419212,,-0.4714510214772094,10.208816705336421,14.715379526369077,Industrials,Specialty Business Services,Canada,26400,2025-Q1
TRI,THOMSON REUTERS CORP,2025-02-01 00:00:00-05:00,2025,1,2,177.01959228515625,161.15097337719254,178.20750729366043,160.3689339873513,12174800,450687724,79780557150.40503,79.78055715040503,1900000000.0,1900.0,1452000000.0,434000000.0,570000000.0,795000000.0,10.497441730316451,42.61236,37.736317,9.345216,5.419212,,0.0,-0.4714510214772094,14.836620599993221,Industrials,Specialty Business Services,Canada,26400,2025-Q1
TRI,THOMSON REUTERS CORP,2025-03-01 00:00:00-05:00,2025,1,3,171.63204956054688,177.63192832691004,179.221288842587,167.13214806447937,8192900,450687724,77352457781.89807,77.35245778189807,1900000000.0,1900.0,1452000000.0,434000000.0,570000000.0,795000000.0,10.177954971302377,42.61236,37.736317,9.345216,5.419212,,0.0,-0.4714510214772094,12.362192941569461,Industrials,Specialty Business Services,Canada,26400,2025-Q1
TRI,THOMSON REUTERS CORP,2025-04-01 00:00:00-04:00,2025,2,4,184.74436950683594,171.64199967776514,185.20131999761242,158.70851372995057,16570400,450687724,83262019414.85089,83.2620194148509,1785000000.0,1785.0,1347000000.0,313000000.0,443000000.0,629000000.0,11.661347256981918,42.61236,37.736317,9.345216,5.419212,,-6.052631578947365,-6.495547407019386,24.732511996614303,Industrials,Specialty Business Services,Canada,26400,2025-Q2
TRI,THOMSON REUTERS CORP,2025-05-01 00:00:00-04:00,2025,2,5,197.33018493652344,184.28742953592015,197.4493979766109,179.5193171825273,12585900,450687724,88934291925.54083,88.93429192554083,1785000000.0,1785.0,1347000000.0,313000000.0,443000000.0,629000000.0,12.455783182848856,42.61236,37.736317,9.345216,5.419212,,0.0,-6.052631578947365,16.966188945680607,Industrials,Specialty Business Services,Canada,26400,2025-Q2
TRI,THOMSON REUTERS CORP,2025-06-01 00:00:00-04:00,2025,2,6,200.43801879882812,197.47823584225392,200.56756119464742,190.3428661123037,10860400,450687724,90334954495.51306,90.33495449551306,1785000000.0,1785.0,1347000000.0,313000000.0,443000000.0,629000000.0,12.651954411136282,42.61236,37.736317,9.345216,5.419212,,0.0,-6.052631578947365,20.913032476556136,Industrials,Specialty Business Services,Canada,26400,2025-Q2
TRI,THOMSON REUTERS CORP,2025-07-01 00:00:00-04:00,2025,3,7,200.21878051757812,199.75039631800777,217.66853256140513,196.33218919388537,51829700,450687724,90236146493.52283,90.23614649352282,,,,,,,,42.61236,37.736317,9.345216,5.419212,,0.0,-6.052631578947365,25.741223270784097,Industrials,Specialty Business Services,Canada,26400,2025-Q3
TRI,THOMSON REUTERS CORP,2025-08-01 00:00:00-04:00,2025,3,8,176.99893188476562,203.75656031272658,203.75656031272658,167.00344140202094,29294300,450687724,79771245761.57605,79.77124576157605,,,,,,,,42.61236,37.736317,9.345216,5.419212,,0.0,0.0,5.145567458559253,Industrials,Specialty Business Services,Canada,26400,2025-Q3
TRI,THOMSON REUTERS CORP,2025-09-01 00:00:00-04:00,2025,3,9,155.3300018310547,177.6199951171875,180.0,155.11000061035156,27925300,450687724,70005324994.15387,70.00532499415387,,,,,,,,42.61236,37.736317,9.345216,5.419212,,0.0,0.0,-7.71470185188744,Industrials,Specialty Business Services,Canada,26400,2025-Q3
TRI,THOMSON REUTERS CORP,2025-10-01 00:00:00-04:00,2025,4,10,151.6999969482422,155.0800018310547,155.8000030517578,149.8800048828125,8590589,450687724,68369326355.41022,68.36932635541022,,,,,,,,42.61236,37.736317,9.345216,5.419212,,0.0,0.0,-6.037991352344285,Industrials,Specialty Business Services,Canada,26400,2025-Q4
