ticker,company_name,date,year,quarter,month,close_price,open_price,high_price,low_price,volume,shares_outstanding,market_cap,market_cap_billions,revenue,revenue_millions,gross_profit,net_income,operating_income,ebitda,ps_ratio,current_pe,forward_pe,current_ps,current_pb,peg_ratio,revenue_qoq_pct,revenue_yoy_pct,market_cap_yoy_pct,sector,industry,country,employees,year_quarter
TSEM,TOWER SEMICONDUCTOR LTD,2015-01-01 00:00:00-05:00,2015,1,1,15.170000076293945,13.359999656677246,16.59000015258789,12.40999984741211,27463700,112123800,1700918054.554367,1.7009180545543672,,,,,,,,43.545975,32.519314,5.7096753,3.053518,,,,,Technology,Semiconductors,Israel,,2015-Q1
TSEM,TOWER SEMICONDUCTOR LTD,2015-02-01 00:00:00-05:00,2015,1,2,16.09000015258789,15.130000114440918,16.84000015258789,13.010000228881836,29591500,112123800,1804071959.1087341,1.8040719591087342,,,,,,,,43.545975,32.519314,5.7096753,3.053518,,,,,Technology,Semiconductors,Israel,,2015-Q1
TSEM,TOWER SEMICONDUCTOR LTD,2015-03-01 00:00:00-05:00,2015,1,3,16.979999542236328,16.389999389648438,18.290000915527344,16.15999984741211,24542200,112123800,1903862072.6737976,1.9038620726737976,,,,,,,,43.545975,32.519314,5.7096753,3.053518,,,,,Technology,Semiconductors,Israel,,2015-Q1
TSEM,TOWER SEMICONDUCTOR LTD,2015-04-01 00:00:00-04:00,2015,2,4,14.59000015258789,17.110000610351562,17.979999542236328,14.380000114440918,14614100,112123800,1635886259.1087341,1.6358862591087342,,,,,,,,43.545975,32.519314,5.7096753,3.053518,,,,,Technology,Semiconductors,Israel,,2015-Q2
TSEM,TOWER SEMICONDUCTOR LTD,2015-05-01 00:00:00-04:00,2015,2,5,15.430000305175781,14.710000038146973,16.950000762939453,14.59000015258789,21952900,112123800,1730070268.2174683,1.7300702682174682,,,,,,,,43.545975,32.519314,5.7096753,3.053518,,,,,Technology,Semiconductors,Israel,,2015-Q2
TSEM,TOWER SEMICONDUCTOR LTD,2015-06-01 00:00:00-04:00,2015,2,6,15.4399995803833,15.510000228881836,17.0,13.819999694824219,14023300,112123800,1731191424.9509811,1.7311914249509812,,,,,,,,43.545975,32.519314,5.7096753,3.053518,,,,,Technology,Semiconductors,Israel,,2015-Q2
TSEM,TOWER SEMICONDUCTOR LTD,2015-07-01 00:00:00-04:00,2015,3,7,13.260000228881836,15.729999542236328,15.770000457763672,12.84000015258789,16446100,112123800,1486761613.6631012,1.4867616136631012,,,,,,,,43.545975,32.519314,5.7096753,3.053518,,,,,Technology,Semiconductors,Israel,,2015-Q3
TSEM,TOWER SEMICONDUCTOR LTD,2015-08-01 00:00:00-04:00,2015,3,8,12.109999656677246,13.289999961853027,14.9399995803833,10.680000305175781,13685900,112123800,1357819179.5053482,1.3578191795053483,,,,,,,,43.545975,32.519314,5.7096753,3.053518,,,,,Technology,Semiconductors,Israel,,2015-Q3
TSEM,TOWER SEMICONDUCTOR LTD,2015-09-01 00:00:00-04:00,2015,3,9,12.869999885559082,11.859999656677246,14.460000038146973,11.649999618530273,10460800,112123800,1443033293.1684494,1.4430332931684493,,,,,,,,43.545975,32.519314,5.7096753,3.053518,,,,,Technology,Semiconductors,Israel,,2015-Q3
TSEM,TOWER SEMICONDUCTOR LTD,2015-10-01 00:00:00-04:00,2015,4,10,13.359999656677246,12.920000076293945,14.199999809265137,12.039999961853027,8806100,112123800,1497973929.5053482,1.4979739295053482,,,,,,,,43.545975,32.519314,5.7096753,3.053518,,,,,Technology,Semiconductors,Israel,,2015-Q4
TSEM,TOWER SEMICONDUCTOR LTD,2015-11-01 00:00:00-04:00,2015,4,11,15.819999694824219,13.550000190734863,16.600000381469727,13.279999732971191,11313000,112123800,1773798481.7825317,1.7737984817825316,,,,,,,,43.545975,32.519314,5.7096753,3.053518,,,,,Technology,Semiconductors,Israel,,2015-Q4
TSEM,TOWER SEMICONDUCTOR LTD,2015-12-01 00:00:00-05:00,2015,4,12,14.0600004196167,15.90999984741211,16.100000381469727,13.880000114440918,8396100,112123800,1576460675.0490189,1.5764606750490189,,,,,,,,43.545975,32.519314,5.7096753,3.053518,,,,,Technology,Semiconductors,Israel,,2015-Q4
TSEM,TOWER SEMICONDUCTOR LTD,2016-01-01 00:00:00-05:00,2016,1,1,12.569999694824219,13.800000190734863,14.5,10.359999656677246,19328600,112123800,1409396131.7825317,1.4093961317825316,,,,,,,,43.545975,32.519314,5.7096753,3.053518,,,,-17.13909273825732,Technology,Semiconductors,Israel,,2016-Q1
TSEM,TOWER SEMICONDUCTOR LTD,2016-02-01 00:00:00-05:00,2016,1,2,13.609999656677246,12.5,13.930000305175781,11.039999961853027,7473600,112123800,1526004879.5053482,1.5260048795053482,,,,,,,,43.545975,32.519314,5.7096753,3.053518,,,,-15.413303122385402,Technology,Semiconductors,Israel,,2016-Q1
TSEM,TOWER SEMICONDUCTOR LTD,2016-03-01 00:00:00-05:00,2016,1,3,12.119999885559082,13.609999656677246,13.859999656677246,11.5,10658300,112123800,1358940443.1684494,1.3589404431684493,,,,,,,,43.545975,32.519314,5.7096753,3.053518,,,,-28.62190687690187,Technology,Semiconductors,Israel,,2016-Q1
TSEM,TOWER SEMICONDUCTOR LTD,2016-04-01 00:00:00-04:00,2016,2,4,11.6899995803833,12.010000228881836,12.520000457763672,11.0600004196167,7651700,112123800,1310727174.9509811,1.3107271749509812,,,,,,,,43.545975,32.519314,5.7096753,3.053518,,,,-19.876631541297172,Technology,Semiconductors,Israel,,2016-Q2
TSEM,TOWER SEMICONDUCTOR LTD,2016-05-01 00:00:00-04:00,2016,2,5,13.359999656677246,11.75,13.5,11.029999732971191,8343000,112123800,1497973929.5053482,1.4979739295053482,,,,,,,,43.545975,32.519314,5.7096753,3.053518,,,,-13.41542843524236,Technology,Semiconductors,Israel,,2016-Q2
TSEM,TOWER SEMICONDUCTOR LTD,2016-06-01 00:00:00-04:00,2016,2,6,12.420000076293945,13.420000076293945,13.59000015258789,11.25,8156200,112123800,1392577604.554367,1.392577604554367,,,,,,,,43.545975,32.519314,5.7096753,3.053518,,,,-19.559582811947095,Technology,Semiconductors,Israel,,2016-Q2
TSEM,TOWER SEMICONDUCTOR LTD,2016-07-01 00:00:00-04:00,2016,3,7,13.479999542236328,12.300000190734863,13.710000038146973,11.739999771118164,7777400,112123800,1511428772.6737976,1.5114287726737976,,,,,,,,43.545975,32.519314,5.7096753,3.053518,,,,1.6591199815766844,Technology,Semiconductors,Israel,,2016-Q3
TSEM,TOWER SEMICONDUCTOR LTD,2016-08-01 00:00:00-04:00,2016,3,8,15.670000076293945,13.600000381469727,16.0,13.460000038146973,13880100,112123800,1756979954.554367,1.7569799545543672,,,,,,,,43.545975,32.519314,5.7096753,3.053518,,,,29.397196701436545,Technology,Semiconductors,Israel,,2016-Q3
TSEM,TOWER SEMICONDUCTOR LTD,2016-09-01 00:00:00-04:00,2016,3,9,15.180000305175781,15.649999618530273,16.1299991607666,14.829999923706055,13623200,112123800,1702039318.2174683,1.7020393182174682,,,,,,,,43.545975,32.519314,5.7096753,3.053518,,,,17.948721368744213,Technology,Semiconductors,Israel,,2016-Q3
TSEM,TOWER SEMICONDUCTOR LTD,2016-10-01 00:00:00-04:00,2016,4,10,15.550000190734863,15.199999809265137,16.479999542236328,15.039999961853027,12260100,112123800,1743525111.3859177,1.7435251113859176,,,,,,,,43.545975,32.519314,5.7096753,3.053518,,,,16.392219987543697,Technology,Semiconductors,Israel,,2016-Q4
TSEM,TOWER SEMICONDUCTOR LTD,2016-11-01 00:00:00-04:00,2016,4,11,17.959999084472656,15.539999961853027,18.610000610351562,15.220000267028809,15611000,112123800,2013743345.3475952,2.0137433453475952,,,,,,,,43.545975,32.519314,5.7096753,3.053518,,,,13.52717718666312,Technology,Semiconductors,Israel,,2016-Q4
TSEM,TOWER SEMICONDUCTOR LTD,2016-12-01 00:00:00-05:00,2016,4,12,19.030000686645508,17.780000686645508,20.040000915527344,17.360000610351562,17101000,112123800,2133715990.9893036,2.1337159909893035,,,,,,,,43.545975,32.519314,5.7096753,3.053518,,,,35.348507245381015,Technology,Semiconductors,Israel,,2016-Q4
TSEM,TOWER SEMICONDUCTOR LTD,2017-01-01 00:00:00-05:00,2017,1,1,21.209999084472656,19.25,21.5,19.020000457763672,13645700,112123800,2378145695.347595,2.378145695347595,,,,,,,,43.545975,32.519314,5.7096753,3.053518,,,,68.73508034535605,Technology,Semiconductors,Israel,,2017-Q1
TSEM,TOWER SEMICONDUCTOR LTD,2017-02-01 00:00:00-05:00,2017,1,2,22.950000762939453,21.540000915527344,23.360000610351562,21.260000228881836,19496400,112123800,2573241295.5436707,2.5732412955436708,,,,,,,,43.545975,32.519314,5.7096753,3.053518,,,,68.62602014600256,Technology,Semiconductors,Israel,,2017-Q1
TSEM,TOWER SEMICONDUCTOR LTD,2017-03-01 00:00:00-05:00,2017,1,3,23.049999237060547,23.260000228881836,23.649999618530273,22.350000381469727,11852800,112123800,2584453504.4563293,2.5844535044563295,,,,,,,,43.545975,32.519314,5.7096753,3.053518,,,,90.18151365268992,Technology,Semiconductors,Israel,,2017-Q1
TSEM,TOWER SEMICONDUCTOR LTD,2017-04-01 00:00:00-04:00,2017,2,4,21.520000457763672,23.15999984741211,23.200000762939453,20.600000381469727,8148400,112123800,2412904227.3262024,2.4129042273262025,,,,,,,,43.545975,32.519314,5.7096753,3.053518,,,,84.0889754510843,Technology,Semiconductors,Israel,,2017-Q2
TSEM,TOWER SEMICONDUCTOR LTD,2017-05-01 00:00:00-04:00,2017,2,5,25.360000610351562,21.969999313354492,25.889999389648438,21.059999465942383,17933500,112123800,2843459636.4349365,2.8434596364349365,,,,,,,,43.545975,32.519314,5.7096753,3.053518,,,,89.82036872790479,Technology,Semiconductors,Israel,,2017-Q2
TSEM,TOWER SEMICONDUCTOR LTD,2017-06-01 00:00:00-04:00,2017,2,6,23.850000381469727,25.450000762939453,25.8799991607666,23.6200008392334,11065800,112123800,2674152672.7718353,2.6741526727718354,,,,,,,,43.545975,32.519314,5.7096753,3.053518,,,,92.02898739905987,Technology,Semiconductors,Israel,,2017-Q2
TSEM,TOWER SEMICONDUCTOR LTD,2017-07-01 00:00:00-04:00,2017,3,7,26.149999618530273,24.280000686645508,27.600000381469727,23.3799991607666,21320500,112123800,2932037327.2281647,2.932037327228165,,,,,,,,43.545975,32.519314,5.7096753,3.053518,,,,93.99110168064588,Technology,Semiconductors,Israel,,2017-Q3
TSEM,TOWER SEMICONDUCTOR LTD,2017-08-01 00:00:00-04:00,2017,3,8,30.209999084472656,26.170000076293945,30.270000457763672,24.1299991607666,20528800,112123800,3387259895.347595,3.3872598953475954,,,,,,,,43.545975,32.519314,5.7096753,3.053518,,,,92.78876156596365,Technology,Semiconductors,Israel,,2017-Q3
TSEM,TOWER SEMICONDUCTOR LTD,2017-09-01 00:00:00-04:00,2017,3,9,30.75,30.219999313354492,30.90999984741211,28.510000228881836,11155800,112123800,3447806850.0,3.44780685,,,,,,,,43.545975,32.519314,5.7096753,3.053518,,,,102.56916588806303,Technology,Semiconductors,Israel,,2017-Q3
TSEM,TOWER SEMICONDUCTOR LTD,2017-10-01 00:00:00-04:00,2017,4,10,33.060001373291016,31.290000915527344,33.29999923706055,30.399999618530273,12174600,112123800,3706812981.978607,3.706812981978607,,,,,,,,43.545975,32.519314,5.7096753,3.053518,,,,112.60450783138327,Technology,Semiconductors,Israel,,2017-Q4
TSEM,TOWER SEMICONDUCTOR LTD,2017-11-01 00:00:00-04:00,2017,4,11,35.209999084472656,33.27000045776367,36.689998626708984,31.110000610351562,13293500,112123800,3947878895.347595,3.9478788953475954,,,,,,,,43.545975,32.519314,5.7096753,3.053518,,,,96.04677549740808,Technology,Semiconductors,Israel,,2017-Q4
TSEM,TOWER SEMICONDUCTOR LTD,2017-12-01 00:00:00-05:00,2017,4,12,34.08000183105469,35.130001068115234,35.650001525878906,32.70000076293945,8543600,112123800,3821179309.3048096,3.8211793093048096,,,,,,,,43.545975,32.519314,5.7096753,3.053518,,,,79.0856573902841,Technology,Semiconductors,Israel,,2017-Q4
TSEM,TOWER SEMICONDUCTOR LTD,2018-01-01 00:00:00-05:00,2018,1,1,34.7400016784668,34.54999923706055,36.08000183105469,33.0099983215332,9756400,112123800,3895181000.1960754,3.8951810001960756,,,,,,,,43.545975,32.519314,5.7096753,3.053518,,,,63.79067976433408,Technology,Semiconductors,Israel,,2018-Q1
TSEM,TOWER SEMICONDUCTOR LTD,2018-02-01 00:00:00-05:00,2018,1,2,29.020000457763672,34.349998474121094,34.560001373291016,28.950000762939453,18105600,112123800,3253832727.3262024,3.2538327273262024,,,,,,,,43.545975,32.519314,5.7096753,3.053518,,,,26.44879953392545,Technology,Semiconductors,Israel,,2018-Q1
TSEM,TOWER SEMICONDUCTOR LTD,2018-03-01 00:00:00-05:00,2018,1,3,26.90999984741211,28.959999084472656,30.389999389648438,26.520000457763672,11789700,112123800,3017251440.891266,3.017251440891266,,,,,,,,43.545975,32.519314,5.7096753,3.053518,,,,16.746207106789512,Technology,Semiconductors,Israel,,2018-Q1
TSEM,TOWER SEMICONDUCTOR LTD,2018-04-01 00:00:00-04:00,2018,2,4,25.8700008392334,26.649999618530273,29.360000610351562,25.030000686645508,12103100,112123800,2900642800.0980377,2.9006428000980375,,,,,,,,43.545975,32.519314,5.7096753,3.053518,,,,20.213755989491155,Technology,Semiconductors,Israel,,2018-Q2
TSEM,TOWER SEMICONDUCTOR LTD,2018-05-01 00:00:00-04:00,2018,2,5,25.920000076293945,25.780000686645508,27.610000610351562,22.100000381469727,27192500,112123800,2906248904.554367,2.906248904554367,,,,,,,,43.545975,32.519314,5.7096753,3.053518,,,,2.208199733693217,Technology,Semiconductors,Israel,,2018-Q2
TSEM,TOWER SEMICONDUCTOR LTD,2018-06-01 00:00:00-04:00,2018,2,6,22.010000228881836,26.030000686645508,26.389999389648438,21.690000534057617,11712800,112123800,2467844863.663101,2.4678448636631014,,,,,,,,43.545975,32.519314,5.7096753,3.053518,,,,-7.714885212402256,Technology,Semiconductors,Israel,,2018-Q2
TSEM,TOWER SEMICONDUCTOR LTD,2018-07-01 00:00:00-04:00,2018,3,7,20.649999618530273,21.559999465942383,23.549999237060547,19.610000610351562,16960300,112123800,2315356427.2281647,2.315356427228165,,,,,,,,43.545975,32.519314,5.7096753,3.053518,,,,-21.032505086931696,Technology,Semiconductors,Israel,,2018-Q3
TSEM,TOWER SEMICONDUCTOR LTD,2018-08-01 00:00:00-04:00,2018,3,8,21.799999237060547,20.6200008392334,22.360000610351562,19.260000228881836,12546500,112123800,2444298754.4563293,2.4442987544563293,,,,,,,,43.545975,32.519314,5.7096753,3.053518,,,,-27.838464423306398,Technology,Semiconductors,Israel,,2018-Q3
TSEM,TOWER SEMICONDUCTOR LTD,2018-09-01 00:00:00-04:00,2018,3,9,21.760000228881836,21.84000015258789,22.6200008392334,20.43000030517578,7581500,112123800,2439813913.663101,2.439813913663101,,,,,,,,43.545975,32.519314,5.7096753,3.053518,,,,-29.2357716133924,Technology,Semiconductors,Israel,,2018-Q3
TSEM,TOWER SEMICONDUCTOR LTD,2018-10-01 00:00:00-04:00,2018,4,10,15.6899995803833,21.790000915527344,22.40999984741211,13.869999885559082,18494200,112123800,1759222374.9509811,1.7592223749509812,,,,,,,,43.545975,32.519314,5.7096753,3.053518,,,,-52.54083808641593,Technology,Semiconductors,Israel,,2018-Q4
TSEM,TOWER SEMICONDUCTOR LTD,2018-11-01 00:00:00-04:00,2018,4,11,15.760000228881836,15.59000015258789,16.579999923706055,13.779999732971191,12605900,112123800,1767071113.6631012,1.7670711136631012,,,,,,,,43.545975,32.519314,5.7096753,3.053518,,,,-55.239986825697265,Technology,Semiconductors,Israel,,2018-Q4
TSEM,TOWER SEMICONDUCTOR LTD,2018-12-01 00:00:00-05:00,2018,4,12,14.739999771118164,16.760000228881836,17.209999084472656,13.5600004196167,15010900,112123800,1652704786.3368988,1.6527047863368989,,,,,,,,43.545975,32.519314,5.7096753,3.053518,,,,-56.74882928648599,Technology,Semiconductors,Israel,,2018-Q4
TSEM,TOWER SEMICONDUCTOR LTD,2019-01-01 00:00:00-05:00,2019,1,1,14.890000343322754,14.369999885559082,15.1899995803833,13.569999694824219,12064700,112123800,1669523420.4946518,1.6695234204946519,,,,,,,,43.545975,32.519314,5.7096753,3.053518,,,,-57.13874604516167,Technology,Semiconductors,Israel,,2019-Q1
TSEM,TOWER SEMICONDUCTOR LTD,2019-02-01 00:00:00-05:00,2019,1,2,17.93000030517578,14.930000305175781,19.030000686645508,14.359999656677246,18155500,112123800,2010379768.2174683,2.010379768217468,,,,,,,,43.545975,32.519314,5.7096753,3.053518,,,,-38.2150240442915,Technology,Semiconductors,Israel,,2019-Q1
TSEM,TOWER SEMICONDUCTOR LTD,2019-03-01 00:00:00-05:00,2019,1,3,16.559999465942383,18.389999389648438,18.389999389648438,16.100000381469727,8404300,112123800,1856770068.1194305,1.8567700681194306,,,,,,,,43.545975,32.519314,5.7096753,3.053518,,,,-38.4615400972032,Technology,Semiconductors,Israel,,2019-Q1
TSEM,TOWER SEMICONDUCTOR LTD,2019-04-01 00:00:00-04:00,2019,2,4,17.969999313354492,16.760000228881836,18.280000686645508,16.760000228881836,5443200,112123800,2014864609.0106964,2.0148646090106963,,,,,,,,43.545975,32.519314,5.7096753,3.053518,,,,-30.537306801699373,Technology,Semiconductors,Israel,,2019-Q2
TSEM,TOWER SEMICONDUCTOR LTD,2019-05-01 00:00:00-04:00,2019,2,5,14.899999618530273,18.049999237060547,18.809999465942383,14.84000015258789,6913400,112123800,1670644577.2281647,1.6706445772281646,,,,,,,,43.545975,32.519314,5.7096753,3.053518,,,,-42.51543373968738,Technology,Semiconductors,Israel,,2019-Q2
TSEM,TOWER SEMICONDUCTOR LTD,2019-06-01 00:00:00-04:00,2019,2,6,15.770000457763672,14.75,15.869999885559082,14.460000038146973,5593000,112123800,1768192377.3262024,1.7681923773262025,,,,,,,,43.545975,32.519314,5.7096753,3.053518,,,,-28.350748324527263,Technology,Semiconductors,Israel,,2019-Q2
TSEM,TOWER SEMICONDUCTOR LTD,2019-07-01 00:00:00-04:00,2019,3,7,19.670000076293945,16.649999618530273,20.450000762939453,15.880000114440918,12987000,112123800,2205475154.554367,2.205475154554367,,,,,,,,43.545975,32.519314,5.7096753,3.053518,,,,-4.7457605827601395,Technology,Semiconductors,Israel,,2019-Q3
TSEM,TOWER SEMICONDUCTOR LTD,2019-08-01 00:00:00-04:00,2019,3,8,19.030000686645508,20.43000030517578,21.100000381469727,17.8799991607666,8031000,112123800,2133715990.9893036,2.1337159909893035,,,,,,,,43.545975,32.519314,5.7096753,3.053518,,,,-12.706415813565586,Technology,Semiconductors,Israel,,2019-Q3
TSEM,TOWER SEMICONDUCTOR LTD,2019-09-01 00:00:00-04:00,2019,3,9,19.239999771118164,18.65999984741211,20.709999084472656,18.489999771118164,7016200,112123800,2157261886.336899,2.1572618863368986,,,,,,,,43.545975,32.519314,5.7096753,3.053518,,,,-11.580884334821373,Technology,Semiconductors,Israel,,2019-Q3
TSEM,TOWER SEMICONDUCTOR LTD,2019-10-01 00:00:00-04:00,2019,4,10,21.93000030517578,19.40999984741211,22.84000015258789,19.34000015258789,10486800,112123800,2458874968.2174683,2.458874968217468,,,,,,,,43.545975,32.519314,5.7096753,3.053518,,,,39.77056017639511,Technology,Semiconductors,Israel,,2019-Q4
TSEM,TOWER SEMICONDUCTOR LTD,2019-11-01 00:00:00-04:00,2019,4,11,21.920000076293945,22.1299991607666,24.260000228881836,20.719999313354492,10084900,112123800,2457753704.554367,2.457753704554367,,,,,,,,43.545975,32.519314,5.7096753,3.053518,,,,39.08629288039776,Technology,Semiconductors,Israel,,2019-Q4
TSEM,TOWER SEMICONDUCTOR LTD,2019-12-01 00:00:00-05:00,2019,4,12,24.059999465942383,22.110000610351562,25.149999618530273,21.829999923706055,6620800,112123800,2697698568.1194305,2.6976985681194305,,,,,,,,43.545975,32.519314,5.7096753,3.053518,,,,63.22930691685629,Technology,Semiconductors,Israel,,2019-Q4
TSEM,TOWER SEMICONDUCTOR LTD,2020-01-01 00:00:00-05:00,2020,1,1,22.18000030517578,24.31999969482422,25.799999237060547,22.09000015258789,6856200,112123800,2486905918.2174683,2.4869059182174684,,,,,,,,43.545975,32.519314,5.7096753,3.053518,,,,48.95903152293843,Technology,Semiconductors,Israel,,2020-Q1
TSEM,TOWER SEMICONDUCTOR LTD,2020-02-01 00:00:00-05:00,2020,1,2,19.770000457763672,21.729999542236328,24.8799991607666,18.25,8526000,112123800,2216687577.3262024,2.2166875773262023,,,,,,,,43.545975,32.519314,5.7096753,3.053518,,,,10.262131183883728,Technology,Semiconductors,Israel,,2020-Q1
TSEM,TOWER SEMICONDUCTOR LTD,2020-03-01 00:00:00-05:00,2020,1,3,15.920000076293945,19.889999389648438,20.34000015258789,12.130000114440918,11545500,112123800,1785010904.554367,1.7850109045543672,,,,,,,,43.545975,32.519314,5.7096753,3.053518,,,,-3.864730738456079,Technology,Semiconductors,Israel,,2020-Q1
TSEM,TOWER SEMICONDUCTOR LTD,2020-04-01 00:00:00-04:00,2020,2,4,19.239999771118164,15.489999771118164,19.860000610351562,15.079999923706055,8408000,112123800,2157261886.336899,2.1572618863368986,,,,,,,,43.545975,32.519314,5.7096753,3.053518,,,,7.067337263724127,Technology,Semiconductors,Israel,,2020-Q2
TSEM,TOWER SEMICONDUCTOR LTD,2020-05-01 00:00:00-04:00,2020,2,5,20.110000610351562,18.739999771118164,21.889999389648438,18.049999237060547,9063200,112123800,2254809686.4349365,2.2548096864349367,,,,,,,,43.545975,32.519314,5.7096753,3.053518,,,,34.96645050474974,Technology,Semiconductors,Israel,,2020-Q2
TSEM,TOWER SEMICONDUCTOR LTD,2020-06-01 00:00:00-04:00,2020,2,6,19.09000015258789,19.969999313354492,21.719999313354492,18.030000686645508,7575700,112123800,2140443359.1087341,2.140443359108734,,,,,,,,43.545975,32.519314,5.7096753,3.053518,,,,21.05262903267553,Technology,Semiconductors,Israel,,2020-Q2
TSEM,TOWER SEMICONDUCTOR LTD,2020-07-01 00:00:00-04:00,2020,3,7,21.5,19.030000686645508,23.84000015258789,18.889999389648438,14305500,112123800,2410661700.0,2.4106617,,,,,,,,43.545975,32.519314,5.7096753,3.053518,,,,9.303507456065297,Technology,Semiconductors,Israel,,2020-Q3
TSEM,TOWER SEMICONDUCTOR LTD,2020-08-01 00:00:00-04:00,2020,3,8,19.459999084472656,21.56999969482422,21.979999542236328,19.219999313354492,6855900,112123800,2181929045.347595,2.1819290453475952,,,,,,,,43.545975,32.519314,5.7096753,3.053518,,,,2.2595816201357533,Technology,Semiconductors,Israel,,2020-Q3
TSEM,TOWER SEMICONDUCTOR LTD,2020-09-01 00:00:00-04:00,2020,3,9,18.219999313354492,19.489999771118164,20.219999313354492,17.610000610351562,6488100,112123800,2042895559.0106964,2.0428955590106965,,,,,,,,43.545975,32.519314,5.7096753,3.053518,,,,-5.301457743751281,Technology,Semiconductors,Israel,,2020-Q3
TSEM,TOWER SEMICONDUCTOR LTD,2020-10-01 00:00:00-04:00,2020,4,10,21.100000381469727,18.389999389648438,21.389999389648438,18.209999084472656,6391400,112123800,2365812222.7718353,2.3658122227718352,,,,,,,,43.545975,32.519314,5.7096753,3.053518,,,,-3.784769321276127,Technology,Semiconductors,Israel,,2020-Q4
TSEM,TOWER SEMICONDUCTOR LTD,2020-11-01 00:00:00-04:00,2020,4,11,24.459999084472656,21.229999542236328,24.81999969482422,20.690000534057617,11629800,112123800,2742548045.347595,2.742548045347595,,,,,,,,43.545975,32.519314,5.7096753,3.053518,,,,11.587586675812434,Technology,Semiconductors,Israel,,2020-Q4
TSEM,TOWER SEMICONDUCTOR LTD,2020-12-01 00:00:00-05:00,2020,4,12,25.81999969482422,24.389999389648438,27.280000686645508,24.25,11698000,112123800,2895036481.7825317,2.895036481782532,,,,,,,,43.545975,32.519314,5.7096753,3.053518,,,,7.315046832703254,Technology,Semiconductors,Israel,,2020-Q4
TSEM,TOWER SEMICONDUCTOR LTD,2021-01-01 00:00:00-05:00,2021,1,1,27.969999313354492,25.690000534057617,30.8700008392334,25.690000534057617,13178500,112123800,3136102609.0106964,3.1361026090106963,,,,,,,,43.545975,32.519314,5.7096753,3.053518,,,,26.104593906734962,Technology,Semiconductors,Israel,,2021-Q1
TSEM,TOWER SEMICONDUCTOR LTD,2021-02-01 00:00:00-05:00,2021,1,2,29.389999389648438,28.719999313354492,34.45000076293945,28.600000381469727,12969500,112123800,3295318413.5650635,3.2953184135650635,,,,,,,,43.545975,32.519314,5.7096753,3.053518,,,,48.65957870075312,Technology,Semiconductors,Israel,,2021-Q1
TSEM,TOWER SEMICONDUCTOR LTD,2021-03-01 00:00:00-05:00,2021,1,3,28.040000915527344,30.209999084472656,30.850000381469727,26.540000915527344,11276300,112123800,3143951454.652405,3.143951454652405,,,,,,,,43.545975,32.519314,5.7096753,3.053518,,,,76.13065817305475,Technology,Semiconductors,Israel,,2021-Q1
TSEM,TOWER SEMICONDUCTOR LTD,2021-04-01 00:00:00-04:00,2021,2,4,28.299999237060547,28.5,30.600000381469727,27.899999618530273,6842500,112123800,3173103454.4563293,3.1731034544563292,,,,,,,,43.545975,32.519314,5.7096753,3.053518,,,,47.08939487381214,Technology,Semiconductors,Israel,,2021-Q2
TSEM,TOWER SEMICONDUCTOR LTD,2021-05-01 00:00:00-04:00,2021,2,5,27.469999313354492,28.520000457763672,28.600000381469727,24.809999465942383,8277000,112123800,3080040709.0106964,3.0800407090106963,,,,,,,,43.545975,32.519314,5.7096753,3.053518,,,,36.59869955058277,Technology,Semiconductors,Israel,,2021-Q2
TSEM,TOWER SEMICONDUCTOR LTD,2021-06-01 00:00:00-04:00,2021,2,6,29.43000030517578,27.709999084472656,29.690000534057617,26.309999465942383,7327800,112123800,3299803468.2174683,3.299803468217468,,,,,,,,43.545975,32.519314,5.7096753,3.053518,,,,54.164484389415634,Technology,Semiconductors,Israel,,2021-Q2
TSEM,TOWER SEMICONDUCTOR LTD,2021-07-01 00:00:00-04:00,2021,3,7,27.850000381469727,29.399999618530273,29.760000228881836,25.549999237060547,5223400,112123800,3122647872.7718353,3.1226478727718354,,,,,,,,43.545975,32.519314,5.7096753,3.053518,,,,29.53488549520804,Technology,Semiconductors,Israel,,2021-Q3
TSEM,TOWER SEMICONDUCTOR LTD,2021-08-01 00:00:00-04:00,2021,3,8,29.399999618530273,29.3799991607666,29.889999389648438,26.59000015258789,7840700,112123800,3296439677.2281647,3.2964396772281646,,,,,,,,43.545975,32.519314,5.7096753,3.053518,,,,51.079141838135286,Technology,Semiconductors,Israel,,2021-Q3
TSEM,TOWER SEMICONDUCTOR LTD,2021-09-01 00:00:00-04:00,2021,3,9,29.899999618530273,29.610000610351562,32.84000015258789,28.309999465942383,6692600,112123800,3352501577.2281647,3.3525015772281646,,,,,,,,43.545975,32.519314,5.7096753,3.053518,,,,64.10538279556812,Technology,Semiconductors,Israel,,2021-Q3
TSEM,TOWER SEMICONDUCTOR LTD,2021-10-01 00:00:00-04:00,2021,4,10,31.8700008392334,30.0,32.65999984741211,28.420000076293945,5475500,112123800,3573385600.0980377,3.5733856000980375,,,,,,,,43.545975,32.519314,5.7096753,3.053518,,,,51.042655275125085,Technology,Semiconductors,Israel,,2021-Q4
TSEM,TOWER SEMICONDUCTOR LTD,2021-11-01 00:00:00-04:00,2021,4,11,35.47999954223633,32.7599983215332,37.27000045776367,32.68000030517578,8044000,112123800,3978152372.6737976,3.9781523726737977,,,,,,,,43.545975,32.519314,5.7096753,3.053518,,,,45.053151554528185,Technology,Semiconductors,Israel,,2021-Q4
TSEM,TOWER SEMICONDUCTOR LTD,2021-12-01 00:00:00-05:00,2021,4,12,39.68000030517578,36.22999954223633,40.45000076293945,35.68000030517578,10026800,112123800,4449072418.217468,4.449072418217468,,,,,,,,43.545975,32.519314,5.7096753,3.053518,,,,53.679321356188424,Technology,Semiconductors,Israel,,2021-Q4
TSEM,TOWER SEMICONDUCTOR LTD,2022-01-01 00:00:00-05:00,2022,1,1,34.349998474121094,40.20000076293945,41.310001373291016,31.040000915527344,13011700,112123800,3851452358.9126587,3.851452358912659,,,,,,,,43.545975,32.519314,5.7096753,3.053518,,,,22.81015129564348,Technology,Semiconductors,Israel,,2022-Q1
TSEM,TOWER SEMICONDUCTOR LTD,2022-02-01 00:00:00-05:00,2022,1,2,46.849998474121094,34.70000076293945,47.5,33.0,45810100,112123800,5252999858.912659,5.252999858912658,,,,,,,,43.545975,32.519314,5.7096753,3.053518,,,,59.40796001044597,Technology,Semiconductors,Israel,,2022-Q1
TSEM,TOWER SEMICONDUCTOR LTD,2022-03-01 00:00:00-05:00,2022,1,3,48.400001525878906,46.709999084472656,49.09000015258789,46.5099983215332,31310500,112123800,5426792091.087341,5.426792091087341,,,,,,,,43.545975,32.519314,5.7096753,3.053518,,,,72.61055615400167,Technology,Semiconductors,Israel,,2022-Q1
TSEM,TOWER SEMICONDUCTOR LTD,2022-04-01 00:00:00-04:00,2022,2,4,48.29999923706055,48.5099983215332,49.0099983215332,48.099998474121094,12377300,112123800,5415579454.456329,5.41557945445633,,,,,,,,43.545975,32.519314,5.7096753,3.053518,,,,70.67137999710191,Technology,Semiconductors,Israel,,2022-Q2
TSEM,TOWER SEMICONDUCTOR LTD,2022-05-01 00:00:00-04:00,2022,2,5,48.2599983215332,48.439998626708984,49.130001068115234,44.83000183105469,17461600,112123800,5411094399.803925,5.4110943998039245,,,,,,,,43.545975,32.519314,5.7096753,3.053518,,,,75.68256107699169,Technology,Semiconductors,Israel,,2022-Q2
TSEM,TOWER SEMICONDUCTOR LTD,2022-06-01 00:00:00-04:00,2022,2,6,46.18000030517578,48.43000030517578,48.68000030517578,45.79999923706055,13029300,112123800,5177877118.217468,5.177877118217468,,,,,,,,43.545975,32.519314,5.7096753,3.053518,,,,56.914712287835826,Technology,Semiconductors,Israel,,2022-Q2
TSEM,TOWER SEMICONDUCTOR LTD,2022-07-01 00:00:00-04:00,2022,3,7,47.86000061035156,46.060001373291016,47.97999954223633,45.34000015258789,11199200,112123800,5366245136.434937,5.366245136434936,,,,,,,,43.545975,32.519314,5.7096753,3.053518,,,,71.84919193823669,Technology,Semiconductors,Israel,,2022-Q3
TSEM,TOWER SEMICONDUCTOR LTD,2022-08-01 00:00:00-04:00,2022,3,8,46.38999938964844,47.900001525878906,47.93000030517578,46.16999816894531,8802000,112123800,5201423013.565063,5.201423013565064,,,,,,,,43.545975,32.519314,5.7096753,3.053518,,,,57.789115617571916,Technology,Semiconductors,Israel,,2022-Q3
TSEM,TOWER SEMICONDUCTOR LTD,2022-09-01 00:00:00-04:00,2022,3,9,43.939998626708984,46.060001373291016,46.290000915527344,43.04999923706055,10433600,112123800,4926719618.021393,4.926719618021393,,,,,,,,43.545975,32.519314,5.7096753,3.053518,,,,46.95651902108233,Technology,Semiconductors,Israel,,2022-Q3
TSEM,TOWER SEMICONDUCTOR LTD,2022-10-01 00:00:00-04:00,2022,4,10,42.7599983215332,43.79999923706055,45.0,42.040000915527344,8337500,112123800,4794413499.803925,4.794413499803925,,,,,,,,43.545975,32.519314,5.7096753,3.053518,,,,34.17005709298171,Technology,Semiconductors,Israel,,2022-Q4
TSEM,TOWER SEMICONDUCTOR LTD,2022-11-01 00:00:00-04:00,2022,4,11,44.56999969482422,43.0,44.68000030517578,39.72999954223633,12432000,112123800,4997357731.782532,4.9973577317825315,,,,,,,,43.545975,32.519314,5.7096753,3.053518,,,,25.62006840436093,Technology,Semiconductors,Israel,,2022-Q4
TSEM,TOWER SEMICONDUCTOR LTD,2022-12-01 00:00:00-05:00,2022,4,12,43.20000076293945,44.650001525878906,46.5,43.040000915527344,10692600,112123800,4843748245.543671,4.8437482455436704,,,,,,,,43.545975,32.519314,5.7096753,3.053518,,,,8.870968827347836,Technology,Semiconductors,Israel,,2022-Q4
TSEM,TOWER SEMICONDUCTOR LTD,2023-01-01 00:00:00-05:00,2023,1,1,41.790000915527344,43.349998474121094,44.40999984741211,41.72999954223633,9153000,112123800,4685653704.652405,4.685653704652405,,,,,,,,43.545975,32.519314,5.7096753,3.053518,,,,21.659396715873115,Technology,Semiconductors,Israel,,2023-Q1
TSEM,TOWER SEMICONDUCTOR LTD,2023-02-01 00:00:00-05:00,2023,1,2,40.560001373291016,41.70000076293945,42.25,40.13999938964844,9658400,112123800,4547741481.978607,4.5477414819786075,,,,,,,,43.545975,32.519314,5.7096753,3.053518,,,,-13.425821356866285,Technology,Semiconductors,Israel,,2023-Q1
TSEM,TOWER SEMICONDUCTOR LTD,2023-03-01 00:00:00-05:00,2023,1,3,42.470001220703125,40.560001373291016,42.97999954223633,39.720001220703125,13032600,112123800,4761897922.869873,4.761897922869873,,,,,,,,43.545975,32.519314,5.7096753,3.053518,,,,-12.252066359967117,Technology,Semiconductors,Israel,,2023-Q1
TSEM,TOWER SEMICONDUCTOR LTD,2023-04-01 00:00:00-04:00,2023,2,4,45.0099983215332,42.4900016784668,45.869998931884766,41.790000915527344,14226000,112123800,5046692049.803925,5.046692049803925,,,,,,,,43.545975,32.519314,5.7096753,3.053518,,,,-6.81159620599524,Technology,Semiconductors,Israel,,2023-Q2
TSEM,TOWER SEMICONDUCTOR LTD,2023-05-01 00:00:00-04:00,2023,2,5,39.13999938964844,45.099998474121094,45.25,37.599998474121094,20616500,112123800,4388525463.565063,4.388525463565063,,,,,,,,43.545975,32.519314,5.7096753,3.053518,,,,-18.89763623927748,Technology,Semiconductors,Israel,,2023-Q2
TSEM,TOWER SEMICONDUCTOR LTD,2023-06-01 00:00:00-04:00,2023,2,6,37.52000045776367,39.5,41.349998474121094,36.66999816894531,15108200,112123800,4206885027.3262024,4.206885027326202,,,,,,,,43.545975,32.519314,5.7096753,3.053518,,,,-18.752706345135106,Technology,Semiconductors,Israel,,2023-Q2
TSEM,TOWER SEMICONDUCTOR LTD,2023-07-01 00:00:00-04:00,2023,3,7,37.75,37.25,39.0,34.7400016784668,24775100,112123800,4232673450.0,4.23267345,,,,,,,,43.545975,32.519314,5.7096753,3.053518,,,,-21.124112999206456,Technology,Semiconductors,Israel,,2023-Q3
TSEM,TOWER SEMICONDUCTOR LTD,2023-08-01 00:00:00-04:00,2023,3,8,29.700000762939453,37.83000183105469,38.16999816894531,27.329999923706055,43912200,112123800,3330076945.5436707,3.3300769455436705,,,,,,,,43.545975,32.519314,5.7096753,3.053518,,,,-35.9775788883352,Technology,Semiconductors,Israel,,2023-Q3
TSEM,TOWER SEMICONDUCTOR LTD,2023-09-01 00:00:00-04:00,2023,3,9,24.559999465942383,29.81999969482422,30.979999542236328,24.149999618530273,18139900,112123800,2753760468.1194305,2.7537604681194305,,,,,,,,43.545975,32.519314,5.7096753,3.053518,,,,-44.105598011981826,Technology,Semiconductors,Israel,,2023-Q3
TSEM,TOWER SEMICONDUCTOR LTD,2023-10-01 00:00:00-04:00,2023,4,10,23.020000457763672,24.649999618530273,24.84000015258789,21.43000030517578,20330300,112123800,2581089927.3262024,2.5810899273262025,,,,,,,,43.545975,32.519314,5.7096753,3.053518,,,,-46.164636666575376,Technology,Semiconductors,Israel,,2023-Q4
TSEM,TOWER SEMICONDUCTOR LTD,2023-11-01 00:00:00-04:00,2023,4,11,27.3799991607666,23.049999237060547,28.239999771118164,22.299999237060547,21584200,112123800,3069949549.9019623,3.0699495499019624,,,,,,,,43.545975,32.519314,5.7096753,3.053518,,,,-38.56854532591312,Technology,Semiconductors,Israel,,2023-Q4
TSEM,TOWER SEMICONDUCTOR LTD,2023-12-01 00:00:00-05:00,2023,4,12,30.520000457763672,27.299999237060547,31.170000076293945,27.110000610351562,14870100,112123800,3422018427.3262024,3.4220184273262024,,,,,,,,43.545975,32.519314,5.7096753,3.053518,,,,-29.351852039904912,Technology,Semiconductors,Israel,,2023-Q4
TSEM,TOWER SEMICONDUCTOR LTD,2024-01-01 00:00:00-05:00,2024,1,1,28.850000381469727,30.530000686645508,30.829999923706055,28.020000457763672,12324500,112123800,3234771672.7718353,3.2347716727718354,,,,,,,,43.545975,32.519314,5.7096753,3.053518,,,,-30.96434613680441,Technology,Semiconductors,Israel,,2024-Q1
TSEM,TOWER SEMICONDUCTOR LTD,2024-02-01 00:00:00-05:00,2024,1,2,32.880001068115234,28.770000457763672,34.7400016784668,28.110000610351562,19964500,112123800,3686630663.761139,3.686630663761139,,,,,,,,43.545975,32.519314,5.7096753,3.053518,,,,-18.93491135390618,Technology,Semiconductors,Israel,,2024-Q1
TSEM,TOWER SEMICONDUCTOR LTD,2024-03-01 00:00:00-05:00,2024,1,3,33.45000076293945,33.099998474121094,34.20000076293945,30.479999542236328,10313500,112123800,3750541195.5436707,3.7505411955436707,,,,,,,,43.545975,32.519314,5.7096753,3.053518,,,,-21.23852177655845,Technology,Semiconductors,Israel,,2024-Q1
TSEM,TOWER SEMICONDUCTOR LTD,2024-04-01 00:00:00-04:00,2024,2,4,32.869998931884766,33.650001525878906,34.59000015258789,30.739999771118164,10182500,112123800,3685509186.238861,3.685509186238861,351181000.0,351.181,86922000.0,53445000.0,48878000.0,114445000.0,2.6236536047215404,43.545975,32.519314,5.7096753,3.053518,,,,-26.97178369775799,Technology,Semiconductors,Israel,,2024-Q2
TSEM,TOWER SEMICONDUCTOR LTD,2024-05-01 00:00:00-04:00,2024,2,5,37.540000915527344,32.720001220703125,38.310001373291016,31.780000686645508,9204800,112123800,4209127554.652405,4.2091275546524045,351181000.0,351.181,86922000.0,53445000.0,48878000.0,114445000.0,2.996408942007401,43.545975,32.519314,5.7096753,3.053518,,0.0,,-4.087885792211465,Technology,Semiconductors,Israel,,2024-Q2
TSEM,TOWER SEMICONDUCTOR LTD,2024-06-01 00:00:00-04:00,2024,2,6,39.310001373291016,37.91999816894531,40.599998474121094,36.529998779296875,7795300,112123800,4407586731.978607,4.407586731978607,351181000.0,351.181,86922000.0,53445000.0,48878000.0,114445000.0,3.1376887787057153,43.545975,32.519314,5.7096753,3.053518,,0.0,,4.77079129447866,Technology,Semiconductors,Israel,,2024-Q2
TSEM,TOWER SEMICONDUCTOR LTD,2024-07-01 00:00:00-04:00,2024,3,7,40.79999923706055,39.310001373291016,44.18000030517578,37.88999938964844,12403500,112123800,4574650954.456329,4.574650954456329,370512000.0,370.512,93061000.0,54647000.0,55762000.0,121110000.0,3.0867090367223797,43.545975,32.519314,5.7096753,3.053518,,5.504568869044735,,8.079468177643822,Technology,Semiconductors,Israel,,2024-Q3
TSEM,TOWER SEMICONDUCTOR LTD,2024-08-01 00:00:00-04:00,2024,3,8,44.189998626708984,40.2599983215332,44.58000183105469,35.15999984741211,8499400,112123800,4954750568.021393,4.954750568021393,370512000.0,370.512,93061000.0,54647000.0,55762000.0,121110000.0,3.3431782020699687,43.545975,32.519314,5.7096753,3.053518,,0.0,5.504568869044735,48.78787034191119,Technology,Semiconductors,Israel,,2024-Q3
TSEM,TOWER SEMICONDUCTOR LTD,2024-09-01 00:00:00-04:00,2024,3,9,44.2599983215332,43.689998626708984,44.59000015258789,40.08000183105469,6955300,112123800,4962599199.803925,4.9625991998039245,370512000.0,370.512,93061000.0,54647000.0,55762000.0,121110000.0,3.3484740034087457,43.545975,32.519314,5.7096753,3.053518,,0.0,5.504568869044735,80.21172346892362,Technology,Semiconductors,Israel,,2024-Q3
TSEM,TOWER SEMICONDUCTOR LTD,2024-10-01 00:00:00-04:00,2024,4,10,41.959999084472656,44.09000015258789,46.540000915527344,41.540000915527344,8241900,112123800,4704714545.347595,4.704714545347596,387191000.0,387.191,86853000.0,55138000.0,46419000.0,158651000.0,3.037722045029194,43.545975,32.519314,5.7096753,3.053518,,4.501608584877137,10.25397159869128,82.27627389260684,Technology,Semiconductors,Israel,,2024-Q4
TSEM,TOWER SEMICONDUCTOR LTD,2024-11-01 00:00:00-04:00,2024,4,11,47.130001068115234,41.959999084472656,50.25,40.869998931884766,15566300,112123800,5284394813.761139,5.284394813761139,387191000.0,387.191,86853000.0,55138000.0,46419000.0,158651000.0,3.4120077776608566,43.545975,32.519314,5.7096753,3.053518,,0.0,4.501608584877137,72.13295293174751,Technology,Semiconductors,Israel,,2024-Q4
TSEM,TOWER SEMICONDUCTOR LTD,2024-12-01 00:00:00-05:00,2024,4,12,51.5099983215332,46.959999084472656,54.27000045776367,46.959999084472656,11710000,112123800,5775496749.803925,5.775496749803924,387191000.0,387.191,86853000.0,55138000.0,46419000.0,158651000.0,3.729100592345848,43.545975,32.519314,5.7096753,3.053518,,0.0,4.501608584877137,68.77456601882226,Technology,Semiconductors,Israel,,2024-Q4
TSEM,TOWER SEMICONDUCTOR LTD,2025-01-01 00:00:00-05:00,2025,1,1,48.88999938964844,52.0,55.310001373291016,44.52000045776367,15908800,112123800,5481732513.565063,5.481732513565063,358170000.0,358.17,73171000.0,40142000.0,32898000.0,107126000.0,3.826208583609085,43.545975,32.519314,5.7096753,3.053518,,-7.495267193710598,-3.3310662002850155,69.46273394523192,Technology,Semiconductors,Israel,,2025-Q1
TSEM,TOWER SEMICONDUCTOR LTD,2025-02-01 00:00:00-05:00,2025,1,2,42.5,47.689998626708984,51.06999969482422,41.22999954223633,16595400,112123800,4765261500.0,4.7652615,358170000.0,358.17,73171000.0,40142000.0,32898000.0,107126000.0,3.3261171371136613,43.545975,32.519314,5.7096753,3.053518,,0.0,-7.495267193710598,29.25790334360292,Technology,Semiconductors,Israel,,2025-Q1
TSEM,TOWER SEMICONDUCTOR LTD,2025-03-01 00:00:00-05:00,2025,1,3,35.65999984741211,42.95000076293945,43.400001525878906,34.380001068115234,13379400,112123800,3998334690.891266,3.998334690891266,358170000.0,358.17,73171000.0,40142000.0,32898000.0,107126000.0,2.7908079200458342,43.545975,32.519314,5.7096753,3.053518,,0.0,-7.495267193710598,6.606873046535777,Technology,Semiconductors,Israel,,2025-Q1
TSEM,TOWER SEMICONDUCTOR LTD,2025-04-01 00:00:00-04:00,2025,2,4,35.779998779296875,35.54999923706055,37.779998779296875,28.639999389648438,14761100,112123800,4011789427.130127,4.011789427130127,372061000.0,372.061,80026000.0,46551000.0,39865000.0,114501000.0,2.6956530159907426,43.545975,32.519314,5.7096753,3.053518,,3.878325934612059,-3.9076321505406852,8.853057322704473,Technology,Semiconductors,Israel,,2025-Q2
TSEM,TOWER SEMICONDUCTOR LTD,2025-05-01 00:00:00-04:00,2025,2,5,39.439998626708984,36.36000061035156,42.97999954223633,35.41999816894531,10838400,112123800,4422162518.021393,4.422162518021393,372061000.0,372.061,80026000.0,46551000.0,39865000.0,114501000.0,2.9713961675782956,43.545975,32.519314,5.7096753,3.053518,,0.0,3.878325934612059,5.061261760374025,Technology,Semiconductors,Israel,,2025-Q2
TSEM,TOWER SEMICONDUCTOR LTD,2025-06-01 00:00:00-04:00,2025,2,6,43.349998474121094,39.27000045776367,44.290000915527344,37.47999954223633,12157800,112123800,4860566558.912659,4.860566558912659,372061000.0,372.061,80026000.0,46551000.0,39865000.0,114501000.0,3.2659742346770146,43.545975,32.519314,5.7096753,3.053518,,0.0,3.878325934612059,10.277275399880882,Technology,Semiconductors,Israel,,2025-Q2
TSEM,TOWER SEMICONDUCTOR LTD,2025-07-01 00:00:00-04:00,2025,3,7,45.75,43.36000061035156,50.93000030517578,42.08000183105469,17621800,112123800,5129663850.0,5.12966385,,,,,,,,43.545975,32.519314,5.7096753,3.053518,,0.0,3.878325934612059,12.132355037995035,Technology,Semiconductors,Israel,,2025-Q3
TSEM,TOWER SEMICONDUCTOR LTD,2025-08-01 00:00:00-04:00,2025,3,8,58.81999969482422,44.2599983215332,61.63999938964844,43.119998931884766,31073800,112123800,6595121881.782532,6.595121881782532,,,,,,,,43.545975,32.519314,5.7096753,3.053518,,0.0,0.0,33.10704123731898,Technology,Semiconductors,Israel,,2025-Q3
TSEM,TOWER SEMICONDUCTOR LTD,2025-09-01 00:00:00-04:00,2025,3,9,72.30000305175781,56.75,72.41000366210938,56.540000915527344,26475900,112123800,8106551082.174683,8.106551082174683,,,,,,,,43.545975,32.519314,5.7096753,3.053518,,0.0,0.0,63.3529276854552,Technology,Semiconductors,Israel,,2025-Q3
TSEM,TOWER SEMICONDUCTOR LTD,2025-10-01 00:00:00-04:00,2025,4,10,75.7699966430664,71.80999755859375,77.7699966430664,70.9000015258789,15962204,112123800,8495619949.607849,8.49561994960785,,,,,,,,43.545975,32.519314,5.7096753,3.053518,,0.0,0.0,80.57673569183936,Technology,Semiconductors,Israel,,2025-Q4
