ticker,company_name,date,year,quarter,month,close_price,open_price,high_price,low_price,volume,shares_outstanding,market_cap,market_cap_billions,revenue,revenue_millions,gross_profit,net_income,operating_income,ebitda,ps_ratio,current_pe,forward_pe,current_ps,current_pb,peg_ratio,revenue_qoq_pct,revenue_yoy_pct,market_cap_yoy_pct,sector,industry,country,employees,year_quarter
TSLA,TESLA INC,2015-01-01 00:00:00-05:00,2015,1,1,13.573332786560059,14.857999801635742,14.883333206176758,12.333333015441895,1353076500,3325150886,45133379541.203026,45.13337954120303,,,,,,,,262.68863,135.39815,15.732427,18.293232,,,,,Consumer Cyclical,Auto Manufacturers,United States,125665,2015-Q1
TSLA,TESLA INC,2015-02-01 00:00:00-05:00,2015,1,2,13.555999755859375,13.597999572753906,15.031999588012695,12.885333061218262,1600762500,3325150886,45075744598.811584,45.07574459881158,,,,,,,,262.68863,135.39815,15.732427,18.293232,,,,,Consumer Cyclical,Auto Manufacturers,United States,125665,2015-Q1
TSLA,TESLA INC,2015-03-01 00:00:00-05:00,2015,1,3,12.584667205810547,13.513333320617676,13.746000289916992,12.09333324432373,1844851500,3325150886,41845917309.416084,41.84591730941609,,,,,,,,262.68863,135.39815,15.732427,18.293232,,,,,Consumer Cyclical,Auto Manufacturers,United States,125665,2015-Q1
TSLA,TESLA INC,2015-04-01 00:00:00-04:00,2015,2,4,15.069999694824219,12.579999923706055,15.916666984558105,12.403332710266113,1484176500,3325150886,50110022837.26448,50.11002283726448,,,,,,,,262.68863,135.39815,15.732427,18.293232,,,,,Consumer Cyclical,Auto Manufacturers,United States,125665,2015-Q2
TSLA,TESLA INC,2015-05-01 00:00:00-04:00,2015,2,5,16.719999313354492,15.329333305358887,16.857999801635742,14.683333396911621,1336917000,3325150886,55596520530.72008,55.59652053072008,,,,,,,,262.68863,135.39815,15.732427,18.293232,,,,,Consumer Cyclical,Auto Manufacturers,United States,125665,2015-Q2
TSLA,TESLA INC,2015-06-01 00:00:00-04:00,2015,2,6,17.884000778198242,16.76066780090332,18.0939998626709,16.3786678314209,982096500,3325150886,59467001032.85057,59.46700103285057,,,,,,,,262.68863,135.39815,15.732427,18.293232,,,,,Consumer Cyclical,Auto Manufacturers,United States,125665,2015-Q2
TSLA,TESLA INC,2015-07-01 00:00:00-04:00,2015,3,7,17.74333381652832,18.073999404907227,19.110000610351562,16.71933364868164,1200915000,3325150886,58999262160.62291,58.99926216062291,,,,,,,,262.68863,135.39815,15.732427,18.293232,,,,,Consumer Cyclical,Auto Manufacturers,United States,125665,2015-Q3
TSLA,TESLA INC,2015-08-01 00:00:00-04:00,2015,3,8,16.604000091552734,17.752666473388672,18.066667556762695,13.0,1728961500,3325150886,55210805615.570656,55.210805615570656,,,,,,,,262.68863,135.39815,15.732427,18.293232,,,,,Consumer Cyclical,Auto Manufacturers,United States,125665,2015-Q3
TSLA,TESLA INC,2015-09-01 00:00:00-04:00,2015,3,9,16.559999465942383,16.022666931152344,18.10466766357422,15.79800033569336,1204321500,3325150886,55064496896.337845,55.06449689633784,,,,,,,,262.68863,135.39815,15.732427,18.293232,,,,,Consumer Cyclical,Auto Manufacturers,United States,125665,2015-Q3
TSLA,TESLA INC,2015-10-01 00:00:00-04:00,2015,4,10,13.795332908630371,16.500667572021484,16.6560001373291,13.466667175292969,1512180000,3325150886,45871563443.79723,45.871563443797235,,,,,,,,262.68863,135.39815,15.732427,18.293232,,,,,Consumer Cyclical,Auto Manufacturers,United States,125665,2015-Q4
TSLA,TESLA INC,2015-11-01 00:00:00-04:00,2015,4,11,15.350666999816895,13.928000450134277,15.638667106628418,13.720000267028809,1177326000,3325150886,51043283975.13211,51.04328397513211,,,,,,,,262.68863,135.39815,15.732427,18.293232,,,,,Consumer Cyclical,Auto Manufacturers,United States,125665,2015-Q4
TSLA,TESLA INC,2015-12-01 00:00:00-05:00,2015,4,12,16.000667572021484,15.404000282287598,16.242000579833984,14.324666976928711,897682500,3325150886,53204633953.69871,53.20463395369871,,,,,,,,262.68863,135.39815,15.732427,18.293232,,,,,Consumer Cyclical,Auto Manufacturers,United States,125665,2015-Q4
TSLA,TESLA INC,2016-01-01 00:00:00-05:00,2016,1,1,12.74666690826416,15.381333351135254,15.425333023071289,12.160667419433594,1188708000,3325150886,42384590763.561455,42.384590763561455,,,,,,,,262.68863,135.39815,15.732427,18.293232,,,,-6.09036771804814,Consumer Cyclical,Auto Manufacturers,United States,125665,2016-Q1
TSLA,TESLA INC,2016-02-01 00:00:00-05:00,2016,1,2,12.795332908630371,12.583999633789062,13.3013334274292,9.403332710266113,2005587000,3325150886,42546412557.79723,42.54641255779723,,,,,,,,262.68863,135.39815,15.732427,18.293232,,,,-5.611292866099515,Consumer Cyclical,Auto Manufacturers,United States,125665,2016-Q1
TSLA,TESLA INC,2016-03-01 00:00:00-05:00,2016,1,3,15.317999839782715,12.949999809265137,15.991999626159668,12.100000381469727,1543830000,3325150886,50934660739.00135,50.93466073900135,,,,,,,,262.68863,135.39815,15.732427,18.293232,,,,21.71954640731495,Consumer Cyclical,Auto Manufacturers,United States,125665,2016-Q1
TSLA,TESLA INC,2016-04-01 00:00:00-04:00,2016,2,4,16.05066680908203,16.32200050354004,17.95599937438965,15.550000190734863,2032609500,3325150886,53370888961.10991,53.37088896110991,,,,,,,,262.68863,135.39815,15.732427,18.293232,,,,6.507412966933379,Consumer Cyclical,Auto Manufacturers,United States,125665,2016-Q2
TSLA,TESLA INC,2016-05-01 00:00:00-04:00,2016,2,5,14.881999969482422,16.100000381469727,16.21266746520996,13.577333450317383,1549612500,3325150886,49484895383.97645,49.48489538397645,,,,,,,,262.68863,135.39815,15.732427,18.293232,,,,-10.992819493742644,Consumer Cyclical,Auto Manufacturers,United States,125665,2016-Q2
TSLA,TESLA INC,2016-06-01 00:00:00-04:00,2016,2,6,14.152000427246094,14.76533317565918,16.05666732788086,12.524666786193848,1825092000,3325150886,47057536759.32973,47.05753675932973,,,,,,,,262.68863,135.39815,15.732427,18.293232,,,,-20.867815860876604,Consumer Cyclical,Auto Manufacturers,United States,125665,2016-Q2
TSLA,TESLA INC,2016-07-01 00:00:00-04:00,2016,3,7,15.652667045593262,13.742667198181152,15.685333251953125,13.733332633972168,1110958500,3325150886,52047479694.917435,52.047479694917435,,,,,,,,262.68863,135.39815,15.732427,18.293232,,,,-11.782829498408898,Consumer Cyclical,Auto Manufacturers,United States,125665,2016-Q3
TSLA,TESLA INC,2016-08-01 00:00:00-04:00,2016,3,8,14.133999824523926,15.699999809265137,15.775333404541016,13.90999984741211,934366500,3325150886,46997682039.23958,46.99768203923958,,,,,,,,262.68863,135.39815,15.732427,18.293232,,,,-14.875935036192978,Consumer Cyclical,Auto Manufacturers,United States,125665,2016-Q3
TSLA,TESLA INC,2016-09-01 00:00:00-04:00,2016,3,9,13.60200023651123,13.934000015258789,14.073332786560059,12.896666526794434,1059478500,3325150886,45228703137.807526,45.22870313780753,,,,,,,,262.68863,135.39815,15.732427,18.293232,,,,-17.862314763443276,Consumer Cyclical,Auto Manufacturers,United States,125665,2016-Q3
TSLA,TESLA INC,2016-10-01 00:00:00-04:00,2016,4,10,13.182000160217285,14.153332710266113,14.378000259399414,12.800000190734863,1381992000,3325150886,43832139511.99865,43.83213951199865,,,,,,,,262.68863,135.39815,15.732427,18.293232,,,,-4.445943801975116,Consumer Cyclical,Auto Manufacturers,United States,125665,2016-Q4
TSLA,TESLA INC,2016-11-01 00:00:00-04:00,2016,4,11,12.626667022705078,13.202667236328125,13.289999961853027,11.879332542419434,1483290000,3325150886,41985573037.77477,41.98557303777477,,,,,,,,262.68863,135.39815,15.732427,18.293232,,,,-17.745157113657072,Consumer Cyclical,Auto Manufacturers,United States,125665,2016-Q4
TSLA,TESLA INC,2016-12-01 00:00:00-05:00,2016,4,12,14.246000289916992,12.550000190734863,14.920000076293945,12.0,1319901000,3325150886,47370100485.97374,47.37010048597374,,,,,,,,262.68863,135.39815,15.732427,18.293232,,,,-10.966212967093181,Consumer Cyclical,Auto Manufacturers,United States,125665,2016-Q4
TSLA,TESLA INC,2017-01-01 00:00:00-05:00,2017,1,1,16.795333862304688,14.324000358581543,17.230667114257812,14.064000129699707,1510194000,3325150886,55847019272.90823,55.847019272908234,,,,,,,,262.68863,135.39815,15.732427,18.293232,,,,31.762553953736862,Consumer Cyclical,Auto Manufacturers,United States,125665,2017-Q1
TSLA,TESLA INC,2017-02-01 00:00:00-05:00,2017,1,2,16.666000366210938,16.8700008392334,19.159332275390625,16.134000778198242,1793100000,3325150886,55416965883.78262,55.41696588378262,,,,,,,,262.68863,135.39815,15.732427,18.293232,,,,30.25061938771305,Consumer Cyclical,Auto Manufacturers,United States,125665,2017-Q1
TSLA,TESLA INC,2017-03-01 00:00:00-05:00,2017,1,3,18.553333282470703,16.94533348083496,18.799999237060547,16.185333251953125,1605529500,3325150886,61692632602.46075,61.69263260246075,,,,,,,,262.68863,135.39815,15.732427,18.293232,,,,21.121122055932084,Consumer Cyclical,Auto Manufacturers,United States,125665,2017-Q1
TSLA,TESLA INC,2017-04-01 00:00:00-04:00,2017,2,4,20.937999725341797,19.126667022705078,20.98666763305664,18.972000122070312,1754259000,3325150886,69622008337.78802,69.62200833778803,,,,,,,,262.68863,135.39815,15.732427,18.293232,,,,30.44940733237538,Consumer Cyclical,Auto Manufacturers,United States,125665,2017-Q2
TSLA,TESLA INC,2017-05-01 00:00:00-04:00,2017,2,5,22.733999252319336,20.992000579833984,22.859333038330078,19.384000778198242,2220694500,3325150886,75593977756.17297,75.59397775617298,,,,,,,,262.68863,135.39815,15.732427,18.293232,,,,52.761720863718,Consumer Cyclical,Auto Manufacturers,United States,125665,2017-Q2
TSLA,TESLA INC,2017-06-01 00:00:00-04:00,2017,2,6,24.107332229614258,22.933332443237305,25.799333572387695,22.28066635131836,2789266500,3325150886,80160517122.39821,80.1605171223982,,,,,,,,262.68863,135.39815,15.732427,18.293232,,,,70.34575679634445,Consumer Cyclical,Auto Manufacturers,United States,125665,2017-Q2
TSLA,TESLA INC,2017-07-01 00:00:00-04:00,2017,3,7,21.564666748046875,24.682666778564453,24.75666618347168,20.208667755126953,2724600000,3325150886,71705770743.5628,71.70577074356281,,,,,,,,262.68863,135.39815,15.732427,18.293232,,,,37.76991924272761,Consumer Cyclical,Auto Manufacturers,United States,125665,2017-Q3
TSLA,TESLA INC,2017-08-01 00:00:00-04:00,2017,3,8,23.726667404174805,21.53333282470703,24.666667938232422,20.74799919128418,2054124000,3325150886,78894749140.81917,78.89474914081917,,,,,,,,262.68863,135.39815,15.732427,18.293232,,,,67.86944742284928,Consumer Cyclical,Auto Manufacturers,United States,125665,2017-Q3
TSLA,TESLA INC,2017-09-01 00:00:00-04:00,2017,3,9,22.739999771118164,23.7413330078125,25.974000930786133,22.360000610351562,1672690500,3325150886,75613930386.57336,75.61393038657336,,,,,,,,262.68863,135.39815,15.732427,18.293232,,,,67.18129227845637,Consumer Cyclical,Auto Manufacturers,United States,125665,2017-Q3
TSLA,TESLA INC,2017-10-01 00:00:00-04:00,2017,4,10,22.101999282836914,22.834667205810547,24.200000762939453,21.110666275024414,1845550500,3325150886,73492482497.69653,73.49248249769653,,,,,,,,262.68863,135.39815,15.732427,18.293232,,,,67.66802468672249,Consumer Cyclical,Auto Manufacturers,United States,125665,2017-Q4
TSLA,TESLA INC,2017-11-01 00:00:00-04:00,2017,4,11,20.59000015258789,22.149999618530273,22.173999786376953,19.5086669921875,2232192000,3325150886,68464857250.11776,68.46485725011776,,,,,,,,262.68863,135.39815,15.732427,18.293232,,,,63.06757844776669,Consumer Cyclical,Auto Manufacturers,United States,125665,2017-Q4
TSLA,TESLA INC,2017-12-01 00:00:00-05:00,2017,4,12,20.75666618347168,20.362667083740234,23.16266632080078,20.0,1648270500,3325150886,69019046950.37709,69.01904695037709,,,,,,,,262.68863,135.39815,15.732427,18.293232,,,,45.70171108421776,Consumer Cyclical,Auto Manufacturers,United States,125665,2017-Q4
TSLA,TESLA INC,2018-01-01 00:00:00-05:00,2018,1,1,23.62066650390625,20.799999237060547,24.03333282470703,20.3786678314209,1864072500,3325150886,78542280153.37439,78.54228015337439,,,,,,,,262.68863,135.39815,15.732427,18.293232,,,,40.638267137518966,Consumer Cyclical,Auto Manufacturers,United States,125665,2018-Q1
TSLA,TESLA INC,2018-02-01 00:00:00-05:00,2018,1,2,22.87066650390625,23.399999618530273,23.999332427978516,19.650667190551758,1637850000,3325150886,76048416988.87439,76.0484169888744,,,,,,,,262.68863,135.39815,15.732427,18.293232,,,,37.2294851875487,Consumer Cyclical,Auto Manufacturers,United States,125665,2018-Q1
TSLA,TESLA INC,2018-03-01 00:00:00-05:00,2018,1,3,17.742000579833984,23.000667572021484,23.244667053222656,16.547332763671875,2359027500,3325150886,58994828947.44749,58.99482894744749,,,,,,,,262.68863,135.39815,15.732427,18.293232,,,,-4.372975412473568,Consumer Cyclical,Auto Manufacturers,United States,125665,2018-Q1
TSLA,TESLA INC,2018-04-01 00:00:00-04:00,2018,2,4,19.593332290649414,17.083999633789062,20.633333206176758,16.305999755859375,2854662000,3325150886,65150786225.94531,65.15078622594531,,,,,,,,262.68863,135.39815,15.732427,18.293232,,,,-6.422138945129962,Consumer Cyclical,Auto Manufacturers,United States,125665,2018-Q2
TSLA,TESLA INC,2018-05-01 00:00:00-04:00,2018,2,5,18.98200035095215,19.567333221435547,20.865999221801758,18.22800064086914,2333671500,3325150886,63118015285.02084,63.118015285020846,,,,,,,,262.68863,135.39815,15.732427,18.293232,,,,-16.503910551437208,Consumer Cyclical,Auto Manufacturers,United States,125665,2018-Q2
TSLA,TESLA INC,2018-06-01 00:00:00-04:00,2018,2,6,22.863332748413086,19.05733299255371,24.915332794189453,18.922666549682617,3201376500,3325150886,76024031145.29858,76.02403114529858,,,,,,,,262.68863,135.39815,15.732427,18.293232,,,,-5.160253608124266,Consumer Cyclical,Auto Manufacturers,United States,125665,2018-Q2
TSLA,TESLA INC,2018-07-01 00:00:00-04:00,2018,3,7,19.875999450683594,24.004667282104492,24.318666458129883,19.075332641601562,2584923000,3325150886,66090697183.576065,66.09069718357607,,,,,,,,262.68863,135.39815,15.732427,18.293232,,,,-7.83071362564054,Consumer Cyclical,Auto Manufacturers,United States,125665,2018-Q3
TSLA,TESLA INC,2018-08-01 00:00:00-04:00,2018,3,8,20.110666275024414,19.865999221801758,25.83066749572754,19.213333129882812,4160403000,3325150886,66870999782.447754,66.87099978244775,,,,,,,,262.68863,135.39815,15.732427,18.293232,,,,-15.24024030662704,Consumer Cyclical,Auto Manufacturers,United States,125665,2018-Q3
TSLA,TESLA INC,2018-09-01 00:00:00-04:00,2018,3,9,17.65133285522461,19.79599952697754,20.997333526611328,16.816667556762695,2941131000,3325150886,58693345082.63102,58.69334508263102,,,,,,,,262.68863,135.39815,15.732427,18.293232,,,,-22.37760319750143,Consumer Cyclical,Auto Manufacturers,United States,125665,2018-Q3
TSLA,TESLA INC,2018-10-01 00:00:00-04:00,2018,4,10,22.488000869750977,20.384666442871094,23.143999099731445,16.51799964904785,4295410500,3325150886,74775996016.42123,74.77599601642123,,,,,,,,262.68863,135.39815,15.732427,18.293232,,,,1.7464555218486888,Consumer Cyclical,Auto Manufacturers,United States,125665,2018-Q4
TSLA,TESLA INC,2018-11-01 00:00:00-04:00,2018,4,11,23.365333557128906,22.55066680908203,24.450000762939453,21.666667938232422,1995286500,3325150886,77693259579.17271,77.69325957917272,,,,,,,,262.68863,135.39815,15.732427,18.293232,,,,13.479035376268289,Consumer Cyclical,Auto Manufacturers,United States,125665,2018-Q4
TSLA,TESLA INC,2018-12-01 00:00:00-05:00,2018,4,12,22.18666648864746,24.0,25.299333572387695,19.606000900268555,2196768000,3325150886,73774013732.11261,73.7740137321126,,,,,,,,262.68863,135.39815,15.732427,18.293232,,,,6.88935444900336,Consumer Cyclical,Auto Manufacturers,United States,125665,2018-Q4
TSLA,TESLA INC,2019-01-01 00:00:00-05:00,2019,1,1,20.468000411987305,20.406667709350586,23.46666717529297,18.618667602539062,2634781500,3325150886,68059189704.56795,68.05918970456794,,,,,,,,262.68863,135.39815,15.732427,18.293232,,,,-13.347066609647007,Consumer Cyclical,Auto Manufacturers,United States,125665,2019-Q1
TSLA,TESLA INC,2019-02-01 00:00:00-05:00,2019,1,2,21.325332641601562,20.3613338470459,21.615999221801758,19.251333236694336,1928251500,3325150886,70909948727.46616,70.90994872746616,,,,,,,,262.68863,135.39815,15.732427,18.293232,,,,-6.756837899939416,Consumer Cyclical,Auto Manufacturers,United States,125665,2019-Q1
TSLA,TESLA INC,2019-03-01 00:00:00-05:00,2019,1,3,18.657333374023438,20.46266746520996,20.475332260131836,16.964000701904297,3206902500,3325150886,62038448599.0314,62.038448599031405,,,,,,,,262.68863,135.39815,15.732427,18.293232,,,,5.159129547261121,Consumer Cyclical,Auto Manufacturers,United States,125665,2019-Q1
TSLA,TESLA INC,2019-04-01 00:00:00-04:00,2019,2,4,15.912667274475098,18.841333389282227,19.744667053222656,15.408666610717773,3461209500,3325150886,52912019686.34408,52.91201968634408,,,,,,,,262.68863,135.39815,15.732427,18.293232,,,,-18.78529369876941,Consumer Cyclical,Auto Manufacturers,United States,125665,2019-Q2
TSLA,TESLA INC,2019-05-01 00:00:00-04:00,2019,2,5,12.343999862670898,15.923333168029785,17.22333335876465,12.273332595825195,4238982000,3325150886,41045662080.14401,41.04566208014401,,,,,,,,262.68863,135.39815,15.732427,18.293232,,,,-34.9699734777862,Consumer Cyclical,Auto Manufacturers,United States,125665,2019-Q2
TSLA,TESLA INC,2019-06-01 00:00:00-04:00,2019,2,6,14.897333145141602,12.36733341217041,15.649333000183105,11.799332618713379,3224559000,3325150886,49535880506.60477,49.53588050660477,,,,,,,,262.68863,135.39815,15.732427,18.293232,,,,-34.84181283161525,Consumer Cyclical,Auto Manufacturers,United States,125665,2019-Q2
TSLA,TESLA INC,2019-07-01 00:00:00-04:00,2019,3,7,16.107332229614258,15.347332954406738,17.738000869750977,14.814666748046875,2990050500,3325150886,53559310034.39821,53.55931003439821,,,,,,,,262.68863,135.39815,15.732427,18.293232,,,,-18.96089416997704,Consumer Cyclical,Auto Manufacturers,United States,125665,2019-Q3
TSLA,TESLA INC,2019-08-01 00:00:00-04:00,2019,3,8,15.040666580200195,16.176666259765625,16.30066680908203,14.066666603088379,2006859000,3325150886,50012485805.18327,50.012485805183275,,,,,,,,262.68863,135.39815,15.732427,18.293232,,,,-25.21050086302058,Consumer Cyclical,Auto Manufacturers,United States,125665,2019-Q3
TSLA,TESLA INC,2019-09-01 00:00:00-04:00,2019,3,9,16.058000564575195,14.938667297363281,16.899999618530273,14.557332992553711,2036629500,3325150886,53395274804.685715,53.39527480468571,,,,,,,,262.68863,135.39815,15.732427,18.293232,,,,-9.026696758357279,Consumer Cyclical,Auto Manufacturers,United States,125665,2019-Q3
TSLA,TESLA INC,2019-10-01 00:00:00-04:00,2019,4,10,20.994667053222656,16.100000381469727,22.722667694091797,14.95199966430664,3419739000,3325150886,69810435753.29832,69.81043575329832,,,,,,,,262.68863,135.39815,15.732427,18.293232,,,,-6.640580570845811,Consumer Cyclical,Auto Manufacturers,United States,125665,2019-Q4
TSLA,TESLA INC,2019-11-01 00:00:00-04:00,2019,4,11,21.996000289916992,21.08799934387207,24.079999923706055,20.617332458496094,2366562000,3325150886,73140019852.47374,73.14001985247374,,,,,,,,262.68863,135.39815,15.732427,18.293232,,,,-5.860533785506872,Consumer Cyclical,Auto Manufacturers,United States,125665,2019-Q4
TSLA,TESLA INC,2019-12-01 00:00:00-05:00,2019,4,12,27.8886661529541,21.959999084472656,29.020666122436523,21.816667556762695,3106200000,3325150886,92734022967.85355,92.73402296785355,,,,,,,,262.68863,135.39815,15.732427,18.293232,,,,25.70011888547683,Consumer Cyclical,Auto Manufacturers,United States,125665,2019-Q4
TSLA,TESLA INC,2020-01-01 00:00:00-05:00,2020,1,1,43.371334075927734,28.299999237060547,43.53333282470703,28.11400032043457,6108277500,3325150886,144216229929.5731,144.2162299295731,,,,,,,,262.68863,135.39815,15.732427,18.293232,,,,111.898247034072,Consumer Cyclical,Auto Manufacturers,United States,125665,2020-Q1
TSLA,TESLA INC,2020-02-01 00:00:00-05:00,2020,1,2,44.53266525268555,44.91266632080078,64.59933471679688,40.768001556396484,7088802000,3325150886,148077831320.90875,148.07783132090876,,,,,,,,262.68863,135.39815,15.732427,18.293232,,,,108.82518458732507,Consumer Cyclical,Auto Manufacturers,United States,125665,2020-Q1
TSLA,TESLA INC,2020-03-01 00:00:00-05:00,2020,1,3,34.93333435058594,47.41733169555664,53.798667907714844,23.367332458496094,6314025000,3325150886,116158607666.78506,116.15860766678506,,,,,,,,262.68863,135.39815,15.732427,18.293232,,,,87.23648042449376,Consumer Cyclical,Auto Manufacturers,United States,125665,2020-Q1
TSLA,TESLA INC,2020-04-01 00:00:00-04:00,2020,2,4,52.12533187866211,33.599998474121094,57.987998962402344,29.760000228881836,5722162500,3325150886,173324593479.37735,173.32459347937734,,,,,,,,262.68863,135.39815,15.732427,18.293232,,,,227.57130517191396,Consumer Cyclical,Auto Manufacturers,United States,125665,2020-Q2
TSLA,TESLA INC,2020-05-01 00:00:00-04:00,2020,2,5,55.66666793823242,50.33333206176758,56.21933364868164,45.5359992980957,4090554000,3325150886,185100070215.48132,185.1000702154813,,,,,,,,262.68863,135.39815,15.732427,18.293232,,,,350.9613460590861,Consumer Cyclical,Auto Manufacturers,United States,125665,2020-Q2
TSLA,TESLA INC,2020-06-01 00:00:00-04:00,2020,2,6,71.98733520507812,57.20000076293945,72.51266479492188,56.939998626708984,3836590500,3325150886,239368751437.94452,239.36875143794452,,,,,,,,262.68863,135.39815,15.732427,18.293232,,,,383.22296684729116,Consumer Cyclical,Auto Manufacturers,United States,125665,2020-Q2
TSLA,TESLA INC,2020-07-01 00:00:00-04:00,2020,3,7,95.38400268554688,72.19999694824219,119.66600036621094,72.03333282470703,5679502500,3325150886,317166201040.0726,317.16620104007256,,,,,,,,262.68863,135.39815,15.732427,18.293232,,,,492.1775333483088,Consumer Cyclical,Auto Manufacturers,United States,125665,2020-Q3
TSLA,TESLA INC,2020-08-01 00:00:00-04:00,2020,3,8,166.10667419433594,96.61333465576172,166.7133331298828,91.0,4672135200,3325150886,552329754867.8094,552.3297548678095,,,,,,,,262.68863,135.39815,15.732427,18.293232,,,,1004.3837273342774,Consumer Cyclical,Auto Manufacturers,United States,125665,2020-Q3
TSLA,TESLA INC,2020-09-01 00:00:00-04:00,2020,3,9,143.00332641601562,167.3800048828125,167.49667358398438,109.95999908447266,5208854400,3325150886,475507637533.16156,475.5076375331616,,,,,,,,262.68863,135.39815,15.732427,18.293232,,,,790.5425419618465,Consumer Cyclical,Auto Manufacturers,United States,125665,2020-Q3
TSLA,TESLA INC,2020-10-01 00:00:00-04:00,2020,4,10,129.34666442871094,146.9199981689453,155.3000030517578,126.37000274658203,2500999200,3325150886,430097175826.2728,430.0971758262728,,,,,,,,262.68863,135.39815,15.732427,18.293232,,,,516.0929539906963,Consumer Cyclical,Auto Manufacturers,United States,125665,2020-Q4
TSLA,TESLA INC,2020-11-01 00:00:00-04:00,2020,4,11,189.1999969482422,131.3333282470703,202.60000610351562,130.76666259765625,2347796400,3325150886,629118537483.6448,629.1185374836448,,,,,,,,262.68863,135.39815,15.732427,18.293232,,,,760.156366859896,Consumer Cyclical,Auto Manufacturers,United States,125665,2020-Q4
TSLA,TESLA INC,2020-12-01 00:00:00-05:00,2020,4,12,235.22332763671875,199.19667053222656,239.57333374023438,180.40333557128906,3589038000,3325150886,782153056299.1036,782.1530562991036,,,,,,,,262.68863,135.39815,15.732427,18.293232,,,,743.4369946079432,Consumer Cyclical,Auto Manufacturers,United States,125665,2020-Q4
TSLA,TESLA INC,2021-01-01 00:00:00-05:00,2021,1,1,264.510009765625,239.82000732421875,300.1333312988281,239.06333923339844,2117084400,3325150886,879535693328.0366,879.5356933280366,,,,,,,,262.68863,135.39815,15.732427,18.293232,,,,509.8728927788164,Consumer Cyclical,Auto Manufacturers,United States,125665,2021-Q1
TSLA,TESLA INC,2021-02-01 00:00:00-05:00,2021,1,2,225.1666717529297,271.42999267578125,293.5,206.3333282470703,1568573700,3325150886,748713158076.9253,748.7131580769253,,,,,,,,262.68863,135.39815,15.732427,18.293232,,,,405.6213691125325,Consumer Cyclical,Auto Manufacturers,United States,125665,2021-Q1
TSLA,TESLA INC,2021-03-01 00:00:00-05:00,2021,1,3,222.64332580566406,230.0366668701172,240.3699951171875,179.8300018310547,2827357200,3325150886,740322652064.6906,740.3226520646906,,,,,,,,262.68863,135.39815,15.732427,18.293232,,,,537.3377461517059,Consumer Cyclical,Auto Manufacturers,United States,125665,2021-Q1
TSLA,TESLA INC,2021-04-01 00:00:00-04:00,2021,2,4,236.47999572753906,229.4566650390625,260.2633361816406,219.80667114257812,2035619100,3325150886,786331667314.7028,786.3316673147027,,,,,,,,262.68863,135.39815,15.732427,18.293232,,,,353.6757603347633,Consumer Cyclical,Auto Manufacturers,United States,125665,2021-Q2
TSLA,TESLA INC,2021-05-01 00:00:00-04:00,2021,2,5,208.4066619873047,234.60000610351562,235.3333282470703,182.32666015625,1875527400,3325150886,692983596755.3887,692.9835967553887,,,,,,,,262.68863,135.39815,15.732427,18.293232,,,,274.38321657504656,Consumer Cyclical,Auto Manufacturers,United States,125665,2021-Q2
TSLA,TESLA INC,2021-06-01 00:00:00-04:00,2021,2,6,226.56666564941406,209.26666259765625,232.5399932861328,190.4066619873047,1559765700,3325150886,753368349022.215,753.3683490222149,,,,,,,,262.68863,135.39815,15.732427,18.293232,,,,214.73128572403613,Consumer Cyclical,Auto Manufacturers,United States,125665,2021-Q2
TSLA,TESLA INC,2021-07-01 00:00:00-04:00,2021,3,7,229.06666564941406,227.97332763671875,233.3333282470703,206.82000732421875,1345349400,3325150886,761681226237.215,761.681226237215,,,,,,,,262.68863,135.39815,15.732427,18.293232,,,,140.15207917472262,Consumer Cyclical,Auto Manufacturers,United States,125665,2021-Q3
TSLA,TESLA INC,2021-08-01 00:00:00-04:00,2021,3,8,245.24000549316406,233.3333282470703,246.79666137695312,216.27999877929688,1143974700,3325150886,815460021548.2394,815.4600215482394,,,,,,,,262.68863,135.39815,15.732427,18.293232,,,,47.64006725355683,Consumer Cyclical,Auto Manufacturers,United States,125665,2021-Q3
TSLA,TESLA INC,2021-09-01 00:00:00-04:00,2021,3,9,258.49334716796875,244.69332885742188,266.3333435058594,236.28334045410156,1170513900,3325150886,859529382360.6769,859.5293823606769,,,,,,,,262.68863,135.39815,15.732427,18.293232,,,,80.7603736545102,Consumer Cyclical,Auto Manufacturers,United States,125665,2021-Q3
TSLA,TESLA INC,2021-10-01 00:00:00-04:00,2021,4,10,371.3333435058594,259.4666748046875,371.7366638183594,254.52999877929688,1586803800,3325150886,1234739396159.8506,1234.7393961598507,,,,,,,,262.68863,135.39815,15.732427,18.293232,,,,187.0838186248852,Consumer Cyclical,Auto Manufacturers,United States,125665,2021-Q4
TSLA,TESLA INC,2021-11-01 00:00:00-04:00,2021,4,11,381.586669921875,381.6666564941406,414.4966735839844,326.20001220703125,1947334500,3325150886,1268833253576.5122,1268.833253576512,,,,,,,,262.68863,135.39815,15.732427,18.293232,,,,101.68428968117924,Consumer Cyclical,Auto Manufacturers,United States,125665,2021-Q4
TSLA,TESLA INC,2021-12-01 00:00:00-05:00,2021,4,12,352.260009765625,386.8999938964844,390.9466552734375,295.3733215332031,1530167700,3325150886,1171317683574.5366,1171.3176835745367,,,,,,,,262.68863,135.39815,15.732427,18.293232,,,,49.755559240135774,Consumer Cyclical,Auto Manufacturers,United States,125665,2021-Q4
TSLA,TESLA INC,2022-01-01 00:00:00-05:00,2022,1,1,312.239990234375,382.5833435058594,402.6666564941406,264.0033264160156,1916006400,3325150886,1038245080172.4634,1038.2450801724633,,,,,,,,262.68863,135.39815,15.732427,18.293232,,,,18.044678351130152,Consumer Cyclical,Auto Manufacturers,United States,125665,2022-Q1
TSLA,TESLA INC,2022-02-01 00:00:00-05:00,2022,1,2,290.1433410644531,311.7366638183594,315.92333984375,233.3333282470703,1391126700,3325150886,964770387607.4666,964.7703876074665,,,,,,,,262.68863,135.39815,15.732427,18.293232,,,,28.857143379914096,Consumer Cyclical,Auto Manufacturers,United States,125665,2022-Q1
TSLA,TESLA INC,2022-03-01 00:00:00-05:00,2022,1,3,359.20001220703125,289.8933410644531,371.5899963378906,252.01333618164062,1729272900,3325150886,1194394238841.421,1194.394238841421,,,,,,,,262.68863,135.39815,15.732427,18.293232,,,,61.33428249295996,Consumer Cyclical,Auto Manufacturers,United States,125665,2022-Q1
TSLA,TESLA INC,2022-04-01 00:00:00-04:00,2022,2,4,290.2533264160156,360.3833312988281,384.2900085449219,273.8999938964844,1520959800,3325150886,965136105496.6616,965.1361054966616,,,,,,,,262.68863,135.39815,15.732427,18.293232,,,,22.739061087615898,Consumer Cyclical,Auto Manufacturers,United States,125665,2022-Q2
TSLA,TESLA INC,2022-05-01 00:00:00-04:00,2022,2,5,252.75332641601562,286.92333984375,318.5,206.85667419433594,1948221600,3325150886,840442947271.6616,840.4429472716616,,,,,,,,262.68863,135.39815,15.732427,18.293232,,,,21.278909227677367,Consumer Cyclical,Auto Manufacturers,United States,125665,2022-Q2
TSLA,TESLA INC,2022-06-01 00:00:00-04:00,2022,2,6,224.47332763671875,251.72000122070312,264.2099914550781,208.69332885742188,2011227900,3325150886,746407684274.6036,746.4076842746036,,,,,,,,262.68863,135.39815,15.732427,18.293232,,,,-0.9239391005270492,Consumer Cyclical,Auto Manufacturers,United States,125665,2022-Q2
TSLA,TESLA INC,2022-07-01 00:00:00-04:00,2022,3,7,297.1499938964844,227.0,298.32000732421875,216.1666717529297,1744884000,3325150886,988068565479.7896,988.0685654797895,,,,,,,,262.68863,135.39815,15.732427,18.293232,,,,29.7220584470687,Consumer Cyclical,Auto Manufacturers,United States,125665,2022-Q3
TSLA,TESLA INC,2022-08-01 00:00:00-04:00,2022,3,8,275.6099853515625,301.27667236328125,314.6666564941406,271.80999755859375,1695263200,3325150886,916444786982.1951,916.4447869821951,,,,,,,,262.68863,135.39815,15.732427,18.293232,,,,12.383778819987423,Consumer Cyclical,Auto Manufacturers,United States,125665,2022-Q3
TSLA,TESLA INC,2022-09-01 00:00:00-04:00,2022,3,9,265.25,272.5799865722656,313.79998779296875,262.4700012207031,1299271000,3325150886,881996272511.5,881.9962725115,,,,,,,,262.68863,135.39815,15.732427,18.293232,,,,2.61385946913395,Consumer Cyclical,Auto Manufacturers,United States,125665,2022-Q3
TSLA,TESLA INC,2022-10-01 00:00:00-04:00,2022,4,10,227.5399932861328,254.5,257.5,198.58999633789062,1735263100,3325150886,756604810275.8186,756.6048102758186,,,,,,,,262.68863,135.39815,15.732427,18.293232,,,,-38.72352233767491,Consumer Cyclical,Auto Manufacturers,United States,125665,2022-Q4
TSLA,TESLA INC,2022-11-01 00:00:00-04:00,2022,4,11,194.6999969482422,234.0500030517578,237.39999389648438,166.19000244140625,1885275300,3325150886,647406867356.6448,647.4068673566447,,,,,,,,262.68863,135.39815,15.732427,18.293232,,,,-48.9762058543333,Consumer Cyclical,Auto Manufacturers,United States,125665,2022-Q4
TSLA,TESLA INC,2022-12-01 00:00:00-05:00,2022,4,12,123.18000030517578,197.0800018310547,198.9199981689453,108.23999786376953,2944247700,3325150886,409592087152.23553,409.59208715223554,,,,,,,,262.68863,135.39815,15.732427,18.293232,,,,-65.03151169866453,Consumer Cyclical,Auto Manufacturers,United States,125665,2022-Q4
TSLA,TESLA INC,2023-01-01 00:00:00-05:00,2023,1,1,173.22000122070312,118.47000122070312,180.67999267578125,101.80999755859375,3897499400,3325150886,575982640531.9421,575.9826405319421,,,,,,,,262.68863,135.39815,15.732427,18.293232,,,,-44.52344137895983,Consumer Cyclical,Auto Manufacturers,United States,125665,2023-Q1
TSLA,TESLA INC,2023-02-01 00:00:00-05:00,2023,1,2,205.7100067138672,173.88999938964844,217.64999389648438,169.92999267578125,3624845100,3325150886,684016811083.6814,684.0168110836814,,,,,,,,262.68863,135.39815,15.732427,18.293232,,,,-29.100559068777578,Consumer Cyclical,Auto Manufacturers,United States,125665,2023-Q1
TSLA,TESLA INC,2023-03-01 00:00:00-05:00,2023,1,3,207.4600067138672,206.2100067138672,207.7899932861328,163.91000366210938,3311619900,3325150886,689835825134.1814,689.8358251341814,,,,,,,,262.68863,135.39815,15.732427,18.293232,,,,-42.24387537206042,Consumer Cyclical,Auto Manufacturers,United States,125665,2023-Q1
TSLA,TESLA INC,2023-04-01 00:00:00-04:00,2023,2,4,164.30999755859375,199.91000366210938,202.69000244140625,152.3699951171875,2505176300,3325150886,546355533960.61584,546.3555339606158,,,,,,,,262.68863,135.39815,15.732427,18.293232,,,,-43.390830490228126,Consumer Cyclical,Auto Manufacturers,United States,125665,2023-Q2
TSLA,TESLA INC,2023-05-01 00:00:00-04:00,2023,2,5,203.92999267578125,163.1699981689453,204.47999572753906,158.8300018310547,2682606200,3325150886,678097995827.8475,678.0979958278475,,,,,,,,262.68863,135.39815,15.732427,18.293232,,,,-19.316593942615157,Consumer Cyclical,Auto Manufacturers,United States,125665,2023-Q2
TSLA,TESLA INC,2023-06-01 00:00:00-04:00,2023,2,6,261.7699890136719,202.58999633789062,276.989990234375,199.3699951171875,3442689200,3325150886,870424710897.0212,870.4247108970212,,,,,,,,262.68863,135.39815,15.732427,18.293232,,,,16.61518620925555,Consumer Cyclical,Auto Manufacturers,United States,125665,2023-Q2
TSLA,TESLA INC,2023-07-01 00:00:00-04:00,2023,3,7,267.42999267578125,276.489990234375,299.2900085449219,254.1199951171875,2393089100,3325150886,889245077088.8475,889.2450770888476,,,,,,,,262.68863,135.39815,15.732427,18.293232,,,,-10.001683268099415,Consumer Cyclical,Auto Manufacturers,United States,125665,2023-Q3
TSLA,TESLA INC,2023-08-01 00:00:00-04:00,2023,3,8,258.0799865722656,266.260009765625,266.4700012207031,212.36000061035156,2502358000,3325150886,858154896009.6372,858.1548960096372,,,,,,,,262.68863,135.39815,15.732427,18.293232,,,,-6.360436744313147,Consumer Cyclical,Auto Manufacturers,United States,125665,2023-Q3
TSLA,TESLA INC,2023-09-01 00:00:00-04:00,2023,3,9,250.22000122070312,257.260009765625,278.9800109863281,234.5800018310547,2440441700,3325150886,832019258753.9421,832.0192587539422,,,,,,,,262.68863,135.39815,15.732427,18.293232,,,,-5.666352037435196,Consumer Cyclical,Auto Manufacturers,United States,125665,2023-Q3
TSLA,TESLA INC,2023-10-01 00:00:00-04:00,2023,4,10,200.83999633789062,244.80999755859375,268.94000244140625,194.07000732421875,2591021000,3325150886,667823291767.1738,667.8232917671738,,,,,,,,262.68863,135.39815,15.732427,18.293232,,,,-11.734199585154592,Consumer Cyclical,Auto Manufacturers,United States,125665,2023-Q4
TSLA,TESLA INC,2023-11-01 00:00:00-04:00,2023,4,11,240.0800018310547,204.0399932861328,252.75,197.85000610351562,2651052200,3325150886,798302230799.4131,798.3022307994131,,,,,,,,262.68863,135.39815,15.732427,18.293232,,,,23.307655672370675,Consumer Cyclical,Auto Manufacturers,United States,125665,2023-Q4
TSLA,TESLA INC,2023-12-01 00:00:00-05:00,2023,4,12,248.47999572753906,233.13999938964844,265.1300048828125,228.1999969482422,2295511900,3325150886,826233477946.7028,826.2334779467028,,,,,,,,262.68863,135.39815,15.732427,18.293232,,,,101.72105464518206,Consumer Cyclical,Auto Manufacturers,United States,125665,2023-Q4
TSLA,TESLA INC,2024-01-01 00:00:00-05:00,2024,1,1,187.2899932861328,250.0800018310547,251.25,180.05999755859375,2344213400,3325150886,622767487114.3186,622.7674871143186,,,,,,,,262.68863,135.39815,15.732427,18.293232,,,,8.122613997388672,Consumer Cyclical,Auto Manufacturers,United States,125665,2024-Q1
TSLA,TESLA INC,2024-02-01 00:00:00-05:00,2024,1,2,201.8800048828125,188.5,205.60000610351562,175.00999450683594,2019844700,3325150886,671281477101.7683,671.2814771017684,,,,,,,,262.68863,135.39815,15.732427,18.293232,,,,-1.861845173327925,Consumer Cyclical,Auto Manufacturers,United States,125665,2024-Q1
TSLA,TESLA INC,2024-03-01 00:00:00-05:00,2024,1,3,175.7899932861328,200.52000427246094,204.52000427246094,160.50999450683594,1899578200,3325150886,584528251925.3186,584.5282519253186,,,,,,,,262.68863,135.39815,15.732427,18.293232,,,,-15.265599345812342,Consumer Cyclical,Auto Manufacturers,United States,125665,2024-Q1
TSLA,TESLA INC,2024-04-01 00:00:00-04:00,2024,2,4,183.27999877929688,176.1699981689453,198.8699951171875,138.8000030517578,2481452200,3325150886,609433650327.0579,609.4336503270579,25500000000.0,25500.0,4578000000.0,1400000000.0,2227000000.0,3151000000.0,5.974839709088802,262.68863,135.39815,15.732427,18.293232,,,,11.545250747105818,Consumer Cyclical,Auto Manufacturers,United States,125665,2024-Q2
TSLA,TESLA INC,2024-05-01 00:00:00-04:00,2024,2,5,178.0800018310547,182.0,187.55999755859375,167.75,1668119300,3325150886,592142875867.4131,592.1428758674131,25500000000.0,25500.0,4578000000.0,1400000000.0,2227000000.0,3151000000.0,5.805322312425618,262.68863,135.39815,15.732427,18.293232,,0.0,,-12.675914173068337,Consumer Cyclical,Auto Manufacturers,United States,125665,2024-Q2
TSLA,TESLA INC,2024-06-01 00:00:00-04:00,2024,2,6,197.8800048828125,178.1300048828125,203.1999969482422,167.41000366210938,1405077400,3325150886,657980873557.7683,657.9808735577683,25500000000.0,25500.0,4578000000.0,1400000000.0,2227000000.0,3151000000.0,6.450792878017336,262.68863,135.39815,15.732427,18.293232,,0.0,,-24.40691706929111,Consumer Cyclical,Auto Manufacturers,United States,125665,2024-Q2
TSLA,TESLA INC,2024-07-01 00:00:00-04:00,2024,3,7,232.07000732421875,201.02000427246094,271.0,200.85000610351562,2946114300,3325150886,771667790468.1525,771.6677904681525,25182000000.0,25182.0,4997000000.0,2167000000.0,2772000000.0,4224000000.0,7.6609065053227745,262.68863,135.39815,15.732427,18.293232,,-1.2470588235294122,,-13.222146475706332,Consumer Cyclical,Auto Manufacturers,United States,125665,2024-Q3
TSLA,TESLA INC,2024-08-01 00:00:00-04:00,2024,3,8,214.11000061035156,227.69000244140625,231.8699951171875,182.0,1618373100,3325150886,711948058230.9711,711.948058230971,25182000000.0,25182.0,4997000000.0,2167000000.0,2772000000.0,4224000000.0,7.068025357705614,262.68863,135.39815,15.732427,18.293232,,0.0,-1.2470588235294122,-17.037348205844673,Consumer Cyclical,Auto Manufacturers,United States,125665,2024-Q3
TSLA,TESLA INC,2024-09-01 00:00:00-04:00,2024,3,9,261.6300048828125,215.25999450683594,264.8599853515625,209.63999938964844,1611148200,3325150886,869959242540.2683,869.9592425402683,25182000000.0,25182.0,4997000000.0,2167000000.0,2772000000.0,4224000000.0,8.636717124734615,262.68863,135.39815,15.732427,18.293232,,0.0,-1.2470588235294122,4.559988652563907,Consumer Cyclical,Auto Manufacturers,United States,125665,2024-Q3
TSLA,TESLA INC,2024-10-01 00:00:00-04:00,2024,4,10,249.85000610351562,262.6700134277344,273.5400085449219,212.11000061035156,1910807800,3325150886,830788969162.2104,830.7889691622105,25707000000.0,25707.0,4179000000.0,2314000000.0,1590000000.0,4358000000.0,8.079404142472969,262.68863,135.39815,15.732427,18.293232,,2.0848224922563663,0.8117647058823563,24.402514767611926,Consumer Cyclical,Auto Manufacturers,United States,125665,2024-Q4
TSLA,TESLA INC,2024-11-01 00:00:00-04:00,2024,4,11,345.1600036621094,252.0399932861328,361.92999267578125,238.8800048828125,2091452000,3325150886,1147709091988.8262,1147.7090919888262,25707000000.0,25707.0,4179000000.0,2314000000.0,1590000000.0,4358000000.0,11.161445248267263,262.68863,135.39815,15.732427,18.293232,,0.0,2.0848224922563663,43.768744180950115,Consumer Cyclical,Auto Manufacturers,United States,125665,2024-Q4
TSLA,TESLA INC,2024-12-01 00:00:00-05:00,2024,4,12,403.8399963378906,352.3800048828125,488.5400085449219,348.20001220703125,1903365900,3325150886,1342828921625.1738,1342.8289216251737,25707000000.0,25707.0,4179000000.0,2314000000.0,1590000000.0,4358000000.0,13.058981227147994,262.68863,135.39815,15.732427,18.293232,,0.0,2.0848224922563663,62.52414813331912,Consumer Cyclical,Auto Manufacturers,United States,125665,2024-Q4
TSLA,TESLA INC,2025-01-01 00:00:00-05:00,2025,1,1,404.6000061035156,390.1000061035156,439.739990234375,373.0400085449219,1510371900,3325150886,1345356068770.7104,1345.3560687707104,19335000000.0,19335.0,3153000000.0,409000000.0,493000000.0,2127000000.0,17.395346118059354,262.68863,135.39815,15.732427,18.293232,,-24.787022989847117,-23.218965928043843,116.02862972256443,Consumer Cyclical,Auto Manufacturers,United States,125665,2025-Q1
TSLA,TESLA INC,2025-02-01 00:00:00-05:00,2025,1,2,292.9800109863281,386.67999267578125,394.0,273.6000061035156,1581998600,3325150886,974202743111.4788,974.2027431114788,19335000000.0,19335.0,3153000000.0,409000000.0,493000000.0,2127000000.0,12.596363370978521,262.68863,135.39815,15.732427,18.293232,,0.0,-24.787022989847117,45.12581924911161,Consumer Cyclical,Auto Manufacturers,United States,125665,2025-Q1
TSLA,TESLA INC,2025-03-01 00:00:00-05:00,2025,1,3,259.1600036621094,300.3399963378906,303.94000244140625,217.02000427246094,2718957500,3325150886,861746115792.8262,861.7461157928261,19335000000.0,19335.0,3153000000.0,409000000.0,493000000.0,2127000000.0,11.142308194890434,262.68863,135.39815,15.732427,18.293232,,0.0,-24.787022989847117,47.42591362426156,Consumer Cyclical,Auto Manufacturers,United States,125665,2025-Q1
TSLA,TESLA INC,2025-04-01 00:00:00-04:00,2025,2,4,282.1600036621094,263.79998779296875,294.8599853515625,214.25,2957985600,3325150886,938224586170.8262,938.2245861708262,22496000000.0,22496.0,3878000000.0,1172000000.0,923000000.0,3068000000.0,10.426571236784609,262.68863,135.39815,15.732427,18.293232,,16.348590638738038,-12.490761271249074,53.950243093291576,Consumer Cyclical,Auto Manufacturers,United States,125665,2025-Q2
TSLA,TESLA INC,2025-05-01 00:00:00-04:00,2025,2,5,346.4599914550781,280.010009765625,367.7099914550781,271.0,2195384900,3325150886,1152031747550.4055,1152.0317475504055,22496000000.0,22496.0,3878000000.0,1172000000.0,923000000.0,3068000000.0,12.802628773453119,262.68863,135.39815,15.732427,18.293232,,0.0,16.348590638738038,94.5530030844038,Consumer Cyclical,Auto Manufacturers,United States,125665,2025-Q2
TSLA,TESLA INC,2025-06-01 00:00:00-04:00,2025,2,6,317.6600036621094,343.5,357.5400085449219,273.2099914550781,2428761900,3325150886,1056267442623.8262,1056.2674426238261,22496000000.0,22496.0,3878000000.0,1172000000.0,923000000.0,3068000000.0,11.738391743241312,262.68863,135.39815,15.732427,18.293232,,0.0,16.348590638738038,60.53163322399975,Consumer Cyclical,Auto Manufacturers,United States,125665,2025-Q2
TSLA,TESLA INC,2025-07-01 00:00:00-04:00,2025,3,7,308.2699890136719,298.4599914550781,338.0,288.7699890136719,2157408700,3325150886,1025044227096.0212,1025.0442270960211,,,,,,,,262.68863,135.39815,15.732427,18.293232,,0.0,16.348590638738038,32.8349115717466,Consumer Cyclical,Auto Manufacturers,United States,125665,2025-Q3
TSLA,TESLA INC,2025-08-01 00:00:00-04:00,2025,3,8,333.8699951171875,306.2099914550781,355.3900146484375,297.82000732421875,1603195500,3325150886,1110168110072.7317,1110.1681100727317,,,,,,,,262.68863,135.39815,15.732427,18.293232,,0.0,0.0,55.93386304490342,Consumer Cyclical,Auto Manufacturers,United States,125665,2025-Q3
TSLA,TESLA INC,2025-09-01 00:00:00-04:00,2025,3,9,444.7200012207031,328.2300109863281,450.9800109863281,325.6000061035156,1973602100,3325150886,1478761106080.9421,1478.7611060809422,,,,,,,,262.68863,135.39815,15.732427,18.293232,,0.0,0.0,69.98050411683441,Consumer Cyclical,Auto Manufacturers,United States,125665,2025-Q3
TSLA,TESLA INC,2025-10-01 00:00:00-04:00,2025,4,10,438.69000244140625,443.79998779296875,470.75,416.5799865722656,697085411,3325150886,1458710450297.3843,1458.7104502973843,,,,,,,,262.68863,135.39815,15.732427,18.293232,,0.0,0.0,75.58134549720688,Consumer Cyclical,Auto Manufacturers,United States,125665,2025-Q4
