ticker,company_name,date,year,quarter,month,close_price,open_price,high_price,low_price,volume,shares_outstanding,market_cap,market_cap_billions,revenue,revenue_millions,gross_profit,net_income,operating_income,ebitda,ps_ratio,current_pe,forward_pe,current_ps,current_pb,peg_ratio,revenue_qoq_pct,revenue_yoy_pct,market_cap_yoy_pct,sector,industry,country,employees,year_quarter
TSM,TAIWAN SEMIC-ADR,2015-01-01 00:00:00-05:00,2015,1,1,17.05219268798828,16.85696848472669,18.38873676183563,15.467863938296182,348047600,5186523104,88441591350.11108,88.44159135011108,,,,,,,,33.317284,37.688118,0.46436563,1.7238314,,,,,Technology,Semiconductors,Taiwan,83825,2015-Q1
TSM,TAIWAN SEMIC-ADR,2015-02-01 00:00:00-05:00,2015,1,2,18.418777465820312,17.292476388553258,19.01196195512137,16.887007313297495,220660800,5186523104,95529414873.91162,95.52941487391162,,,,,,,,33.317284,37.688118,0.46436563,1.7238314,,,,,Technology,Semiconductors,Taiwan,83825,2015-Q1
TSM,TAIWAN SEMIC-ADR,2015-03-01 00:00:00-05:00,2015,1,3,17.630361557006836,18.321159440045946,18.884309841474607,17.01465068059132,295307200,5186523104,91440277547.28937,91.44027754728937,,,,,,,,33.317284,37.688118,0.46436563,1.7238314,,,,,Technology,Semiconductors,Taiwan,83825,2015-Q1
TSM,TAIWAN SEMIC-ADR,2015-04-01 00:00:00-04:00,2015,2,4,18.351194381713867,17.59281835385914,19.349847679351186,17.00714143463996,332921600,5186523104,95178893646.75397,95.17889364675396,,,,,,,,33.317284,37.688118,0.46436563,1.7238314,,,,,Technology,Semiconductors,Taiwan,83825,2015-Q2
TSM,TAIWAN SEMIC-ADR,2015-05-01 00:00:00-04:00,2015,2,5,18.231063842773438,18.546428257449758,18.65154925161982,17.97576877221803,195515000,5186523104,94555833831.04346,94.55583383104346,,,,,,,,33.317284,37.688118,0.46436563,1.7238314,,,,,Technology,Semiconductors,Taiwan,83825,2015-Q2
TSM,TAIWAN SEMIC-ADR,2015-06-01 00:00:00-04:00,2015,2,6,17.05219268798828,18.15596834089645,18.26859812959828,16.789390325072496,268994600,5186523104,88441591350.11108,88.44159135011108,,,,,,,,33.317284,37.688118,0.46436563,1.7238314,,,,,Technology,Semiconductors,Taiwan,83825,2015-Q2
TSM,TAIWAN SEMIC-ADR,2015-07-01 00:00:00-04:00,2015,3,7,17.1294002532959,17.919629242238607,18.074576914096678,16.52510610627805,287369600,5186523104,88842030171.38263,88.84203017138263,,,,,,,,33.317284,37.688118,0.46436563,1.7238314,,,,,Technology,Semiconductors,Taiwan,83825,2015-Q3
TSM,TAIWAN SEMIC-ADR,2015-08-01 00:00:00-04:00,2015,3,8,15.401738166809082,16.96670393444903,16.982198996154075,13.418416076965732,337629200,5186523104,79881470843.91391,79.88147084391392,,,,,,,,33.317284,37.688118,0.46436563,1.7238314,,,,,Technology,Semiconductors,Taiwan,83825,2015-Q3
TSM,TAIWAN SEMIC-ADR,2015-09-01 00:00:00-04:00,2015,3,9,16.075761795043945,14.991132379109242,16.284940736902335,14.913658532751612,258896200,5186523104,83377309964.39594,83.37730996439593,,,,,,,,33.317284,37.688118,0.46436563,1.7238314,,,,,Technology,Semiconductors,Taiwan,83825,2015-Q3
TSM,TAIWAN SEMIC-ADR,2015-10-01 00:00:00-04:00,2015,4,10,17.01319122314453,16.230709652302878,17.6562231200483,15.657404070058778,246484500,5186523104,88239309351.60913,88.23930935160914,,,,,,,,33.317284,37.688118,0.46436563,1.7238314,,,,,Technology,Semiconductors,Taiwan,83825,2015-Q4
TSM,TAIWAN SEMIC-ADR,2015-11-01 00:00:00-04:00,2015,4,11,17.632976531982422,16.935715020877545,18.330238043087295,16.711041062778985,152827900,5186523104,91453840175.41663,91.45384017541663,,,,,,,,33.317284,37.688118,0.46436563,1.7238314,,,,,Technology,Semiconductors,Taiwan,83825,2015-Q4
TSM,TAIWAN SEMIC-ADR,2015-12-01 00:00:00-05:00,2015,4,12,17.62523078918457,17.694957095137248,18.206282353663184,17.09841046762681,140960600,5186523104,91413666701.43793,91.41366670143793,,,,,,,,33.317284,37.688118,0.46436563,1.7238314,,,,,Technology,Semiconductors,Taiwan,83825,2015-Q4
TSM,TAIWAN SEMIC-ADR,2016-01-01 00:00:00-05:00,2016,1,1,17.315338134765625,17.230116759787617,17.369569381500487,15.84334103010097,192278600,5186523104,89806401289.53418,89.80640128953418,,,,,,,,33.317284,37.688118,0.46436563,1.7238314,,,,1.5431765966537947,Technology,Semiconductors,Taiwan,83825,2016-Q1
TSM,TAIWAN SEMIC-ADR,2016-02-01 00:00:00-05:00,2016,1,2,18.245018005371094,17.183631339156637,18.74084966420175,16.881485007235668,175486100,5186523104,94628207417.75317,94.62820741775317,,,,,,,,33.317284,37.688118,0.46436563,1.7238314,,,,-0.943382158624062,Technology,Semiconductors,Taiwan,83825,2016-Q1
TSM,TAIWAN SEMIC-ADR,2016-03-01 00:00:00-05:00,2016,1,3,20.298067092895508,18.709858712818285,20.623456004322367,18.58590117300714,149648500,5186523104,105276393943.84467,105.27639394384467,,,,,,,,33.317284,37.688118,0.46436563,1.7238314,,,,15.131314960630782,Technology,Semiconductors,Taiwan,83825,2016-Q1
TSM,TAIWAN SEMIC-ADR,2016-04-01 00:00:00-04:00,2016,2,4,18.276010513305664,20.050154035061528,20.305816690255718,18.144305419557707,173364600,5186523104,94788950776.20673,94.78895077620673,,,,,,,,33.317284,37.688118,0.46436563,1.7238314,,,,-0.4096946871377516,Technology,Semiconductors,Taiwan,83825,2016-Q2
TSM,TAIWAN SEMIC-ADR,2016-05-01 00:00:00-04:00,2016,2,5,19.151458740234375,18.268260848600544,19.37613271768678,17.625230519523356,137199800,5186523104,99329483231.52832,99.32948323152831,,,,,,,,33.317284,37.688118,0.46436563,1.7238314,,,,5.0484980218297615,Technology,Semiconductors,Taiwan,83825,2016-Q2
TSM,TAIWAN SEMIC-ADR,2016-06-01 00:00:00-04:00,2016,2,6,20.321308135986328,19.15145756518828,20.85587594808262,18.87255384044753,163807600,5186523104,105396934150.79626,105.39693415079627,,,,,,,,33.317284,37.688118,0.46436563,1.7238314,,,,19.171232156559203,Technology,Semiconductors,Taiwan,83825,2016-Q2
TSM,TAIWAN SEMIC-ADR,2016-07-01 00:00:00-04:00,2016,3,7,22.3299617767334,21.405574106418985,22.900669193073085,20.69821819793184,139279200,5186523104,115814862666.46466,115.81486266646466,,,,,,,,33.317284,37.688118,0.46436563,1.7238314,,,,30.360441384612113,Technology,Semiconductors,Taiwan,83825,2016-Q3
TSM,TAIWAN SEMIC-ADR,2016-08-01 00:00:00-04:00,2016,3,8,23.101621627807617,22.788134557296637,23.67233054913846,22.434455853929098,130642900,5186523104,119817094312.4903,119.8170943124903,,,,,,,,33.317284,37.688118,0.46436563,1.7238314,,,,49.99360057679638,Technology,Semiconductors,Taiwan,83825,2016-Q3
TSM,TAIWAN SEMIC-ADR,2016-09-01 00:00:00-04:00,2016,3,9,24.588680267333984,23.061433360009435,24.878053914271703,22.66756452565207,139845000,5186523104,127529758303.3966,127.5297583033966,,,,,,,,33.317284,37.688118,0.46436563,1.7238314,,,,52.95499262071996,Technology,Semiconductors,Taiwan,83825,2016-Q3
TSM,TAIWAN SEMIC-ADR,2016-10-01 00:00:00-04:00,2016,4,10,24.998624801635742,24.628869429871425,25.416608601663548,23.728598280900563,136799800,5186523104,129655945101.9112,129.6559451019112,,,,,,,,33.317284,37.688118,0.46436563,1.7238314,,,,46.93671794876395,Technology,Semiconductors,Taiwan,83825,2016-Q4
TSM,TAIWAN SEMIC-ADR,2016-11-01 00:00:00-04:00,2016,4,11,23.865245819091797,25.014700456697767,25.320149201043215,23.117698311661115,136398100,5186523104,123777648823.35901,123.77764882335902,,,,,,,,33.317284,37.688118,0.46436563,1.7238314,,,,35.34439733306161,Technology,Semiconductors,Taiwan,83825,2016-Q4
TSM,TAIWAN SEMIC-ADR,2016-12-01 00:00:00-05:00,2016,4,12,23.109661102294922,23.712521826702616,24.628869637192995,22.780097362271043,112745500,5186523104,119858791232.66272,119.85879123266272,,,,,,,,33.317284,37.688118,0.46436563,1.7238314,,,,31.116927651669556,Technology,Semiconductors,Taiwan,83825,2016-Q4
TSM,TAIWAN SEMIC-ADR,2017-01-01 00:00:00-05:00,2017,1,1,24.845897674560547,23.511566178210167,25.279958093764485,23.294535968608198,147862300,5186523104,128863822328.72815,128.86382232872816,,,,,,,,33.317284,37.688118,0.46436563,1.7238314,,,,43.49068716524289,Technology,Semiconductors,Taiwan,83825,2017-Q1
TSM,TAIWAN SEMIC-ADR,2017-02-01 00:00:00-05:00,2017,1,2,25.296035766601562,25.11115884338399,26.115928263356395,24.2510777775722,121224500,5186523104,131198473943.08936,131.19847394308937,,,,,,,,33.317284,37.688118,0.46436563,1.7238314,,,,38.64626364936852,Technology,Semiconductors,Taiwan,83825,2017-Q1
TSM,TAIWAN SEMIC-ADR,2017-03-01 00:00:00-05:00,2017,1,3,26.397260665893555,25.25584434478047,26.951891406566993,24.548488464007338,131397500,5186523104,136910002325.96735,136.91000232596735,,,,,,,,33.317284,37.688118,0.46436563,1.7238314,,,,30.04814963456701,Technology,Semiconductors,Taiwan,83825,2017-Q1
TSM,TAIWAN SEMIC-ADR,2017-04-01 00:00:00-04:00,2017,2,4,26.582136154174805,26.477639446442204,26.791129569640013,25.312109741017217,100788700,5186523104,137868863317.30133,137.86886331730133,,,,,,,,33.317284,37.688118,0.46436563,1.7238314,,,,45.448242847211915,Technology,Semiconductors,Taiwan,83825,2017-Q2
TSM,TAIWAN SEMIC-ADR,2017-05-01 00:00:00-04:00,2017,2,5,28.422870635986328,26.65447878064813,28.784587639672658,26.638402128672315,142700200,5186523104,147415875235.54626,147.41587523554625,,,,,,,,33.317284,37.688118,0.46436563,1.7238314,,,,48.41099584896942,Technology,Semiconductors,Taiwan,83825,2017-Q2
TSM,TAIWAN SEMIC-ADR,2017-06-01 00:00:00-04:00,2017,2,6,28.10135269165039,28.696176739235813,29.67682829206426,27.7557122297023,149609800,5186523104,145748314988.89734,145.74831498889733,,,,,,,,33.317284,37.688118,0.46436563,1.7238314,,,,38.28515617007273,Technology,Semiconductors,Taiwan,83825,2017-Q2
TSM,TAIWAN SEMIC-ADR,2017-07-01 00:00:00-04:00,2017,3,7,29.846965789794922,29.08336304857457,30.386470066773597,28.477460047506316,136585200,5186523104,154801977653.06897,154.80197765306897,,,,,,,,33.317284,37.688118,0.46436563,1.7238314,,,,33.663308913022114,Technology,Semiconductors,Taiwan,83825,2017-Q3
TSM,TAIWAN SEMIC-ADR,2017-08-01 00:00:00-04:00,2017,3,8,30.68527603149414,29.838670822803987,30.776577058835745,29.332367428430942,88241100,5186523104,159149893089.9618,159.14989308996178,,,,,,,,33.317284,37.688118,0.46436563,1.7238314,,,,32.8273682508851,Technology,Semiconductors,Taiwan,83825,2017-Q3
TSM,TAIWAN SEMIC-ADR,2017-09-01 00:00:00-04:00,2017,3,9,31.166675567626953,30.710173620031963,31.89708058350891,30.41967324416696,114880900,5186523104,161646682906.3695,161.6466829063695,,,,,,,,33.317284,37.688118,0.46436563,1.7238314,,,,26.752128332124524,Technology,Semiconductors,Taiwan,83825,2017-Q3
TSM,TAIWAN SEMIC-ADR,2017-10-01 00:00:00-04:00,2017,4,10,35.13410186767578,31.3990805691756,35.40800178313307,31.349279145357553,101599200,5186523104,182223831074.99,182.22383107499,,,,,,,,33.317284,37.688118,0.46436563,1.7238314,,,,40.544138513478714,Technology,Semiconductors,Taiwan,83825,2017-Q4
TSM,TAIWAN SEMIC-ADR,2017-11-01 00:00:00-04:00,2017,4,11,32.86818313598633,35.25859743361589,35.70680070808702,32.51128088033892,96480600,5186523104,170471591221.29626,170.47159122129625,,,,,,,,33.317284,37.688118,0.46436563,1.7238314,,,,37.7240502157004,Technology,Semiconductors,Taiwan,83825,2017-Q4
TSM,TAIWAN SEMIC-ADR,2017-12-01 00:00:00-05:00,2017,4,12,32.9096794128418,33.15868012749034,33.382781720538794,31.971773449242548,107389300,5186523104,170686812619.93713,170.68681261993714,,,,,,,,33.317284,37.688118,0.46436563,1.7238314,,,,42.406586003866906,Technology,Semiconductors,Taiwan,83825,2017-Q4
TSM,TAIWAN SEMIC-ADR,2018-01-01 00:00:00-05:00,2018,1,1,37.60752487182617,33.623498637383534,38.65332970032595,33.548798066332296,148135700,5186523104,195052296631.98108,195.05229663198108,,,,,,,,33.317284,37.688118,0.46436563,1.7238314,,,,51.36311581260402,Technology,Semiconductors,Taiwan,83825,2018-Q1
TSM,TAIWAN SEMIC-ADR,2018-02-01 00:00:00-05:00,2018,1,2,35.980716705322266,37.62412944739986,38.12213119782355,33.16700016637079,158668500,5186523104,186614818490.6327,186.6148184906327,,,,,,,,33.317284,37.688118,0.46436563,1.7238314,,,,42.23855878962552,Technology,Semiconductors,Taiwan,83825,2018-Q1
TSM,TAIWAN SEMIC-ADR,2018-03-01 00:00:00-05:00,2018,1,3,36.32099914550781,35.980697393252356,37.97270965820189,34.984694426993805,134030700,5186523104,188379701228.54053,188.37970122854054,,,,,,,,33.317284,37.688118,0.46436563,1.7238314,,,,37.59381931791192,Technology,Semiconductors,Taiwan,83825,2018-Q1
TSM,TAIWAN SEMIC-ADR,2018-04-01 00:00:00-04:00,2018,2,4,31.91368293762207,35.97240561616163,36.752608933179644,31.531881516499432,187069400,5186523104,165521053889.70746,165.52105388970745,,,,,,,,33.317284,37.688118,0.46436563,1.7238314,,,,20.05687862150962,Technology,Semiconductors,Taiwan,83825,2018-Q2
TSM,TAIWAN SEMIC-ADR,2018-05-01 00:00:00-04:00,2018,2,5,32.12118911743164,31.822386857495587,33.656696861170765,30.959181032395275,153835800,5186523104,166597289485.51257,166.59728948551256,,,,,,,,33.317284,37.688118,0.46436563,1.7238314,,,,13.011769742788948,Technology,Semiconductors,Taiwan,83825,2018-Q2
TSM,TAIWAN SEMIC-ADR,2018-06-01 00:00:00-04:00,2018,2,6,30.3449764251709,32.36188832899776,33.200191778263424,29.340668217553493,177408000,5186523104,157384921319.4842,157.3849213194842,,,,,,,,33.317284,37.688118,0.46436563,1.7238314,,,,7.984041758200289,Technology,Semiconductors,Taiwan,83825,2018-Q2
TSM,TAIWAN SEMIC-ADR,2018-07-01 00:00:00-04:00,2018,3,7,35.45548629760742,31.1536800509086,36.06634199695441,31.00742021388934,166252900,5186523104,183890698846.0963,183.8906988460963,,,,,,,,33.317284,37.688118,0.46436563,1.7238314,,,,18.790923497255886,Technology,Semiconductors,Taiwan,83825,2018-Q3
TSM,TAIWAN SEMIC-ADR,2018-08-01 00:00:00-04:00,2018,3,8,37.51174545288086,35.65336546916418,38.27746964604753,34.233771517196054,147704400,5186523104,194555534462.73352,194.55553446273353,,,,,,,,33.317284,37.688118,0.46436563,1.7238314,,,,22.246726457276456,Technology,Semiconductors,Taiwan,83825,2018-Q3
TSM,TAIWAN SEMIC-ADR,2018-09-01 00:00:00-04:00,2018,3,9,37.99354553222656,37.21921923986455,38.92273708306098,37.15899422623829,151401700,5186523104,197054401705.76904,197.05440170576904,,,,,,,,33.317284,37.688118,0.46436563,1.7238314,,,,21.904389352615873,Technology,Semiconductors,Taiwan,83825,2018-Q3
TSM,TAIWAN SEMIC-ADR,2018-10-01 00:00:00-04:00,2018,4,10,32.779762268066406,38.32909297949971,38.68184096024415,30.94719517108607,212656900,5186523104,170012994346.95386,170.01299434695386,,,,,,,,33.317284,37.688118,0.46436563,1.7238314,,,,-6.701009772432586,Technology,Semiconductors,Taiwan,83825,2018-Q4
TSM,TAIWAN SEMIC-ADR,2018-11-01 00:00:00-04:00,2018,4,11,32.34097671508789,33.36480533230412,33.97566426118121,30.30192164832191,200421600,5186523104,167737222938.72937,167.73722293872936,,,,,,,,33.317284,37.688118,0.46436563,1.7238314,,,,-1.6040023226024158,Technology,Semiconductors,Taiwan,83825,2018-Q4
TSM,TAIWAN SEMIC-ADR,2018-12-01 00:00:00-05:00,2018,4,12,31.75593376159668,33.39922362585636,33.55408891417551,30.344941829815724,181084400,5186523104,164702884143.6148,164.7028841436148,,,,,,,,33.317284,37.688118,0.46436563,1.7238314,,,,-3.5057942581929513,Technology,Semiconductors,Taiwan,83825,2018-Q4
TSM,TAIWAN SEMIC-ADR,2019-01-01 00:00:00-05:00,2019,1,1,32.366783142089844,31.145071975121585,32.91741371210467,29.43295196959072,239782900,5186523104,167871068568.6067,167.8710685686067,,,,,,,,33.317284,37.688118,0.46436563,1.7238314,,,,-13.935354021828894,Technology,Semiconductors,Taiwan,83825,2019-Q1
TSM,TAIWAN SEMIC-ADR,2019-02-01 00:00:00-05:00,2019,1,2,33.59709930419922,32.478630563706766,34.34561252008014,32.160297885093485,133380800,5186523104,174252131768.61157,174.25213176861158,,,,,,,,33.317284,37.688118,0.46436563,1.7238314,,,,-6.624707952997677,Technology,Semiconductors,Taiwan,83825,2019-Q1
TSM,TAIWAN SEMIC-ADR,2019-03-01 00:00:00-05:00,2019,1,3,35.24038314819336,33.86380696350476,35.481286442026246,32.64209272782917,128653700,5186523104,182775061391.9171,182.77506139191712,,,,,,,,33.317284,37.688118,0.46436563,1.7238314,,,,-2.975182463966175,Technology,Semiconductors,Taiwan,83825,2019-Q1
TSM,TAIWAN SEMIC-ADR,2019-04-01 00:00:00-04:00,2019,2,4,37.70102310180664,35.34363552808931,39.26688003968228,35.05111262310061,180320800,5186523104,195537227361.9579,195.5372273619579,,,,,,,,33.317284,37.688118,0.46436563,1.7238314,,,,18.134353767618762,Technology,Semiconductors,Taiwan,83825,2019-Q2
TSM,TAIWAN SEMIC-ADR,2019-05-01 00:00:00-04:00,2019,2,5,32.9948616027832,38.10541091888419,38.836716867569635,31.98824024174428,221575900,5186523104,171128612016.11755,171.12861201611756,,,,,,,,33.317284,37.688118,0.46436563,1.7238314,,,,2.7199257230406726,Technology,Semiconductors,Taiwan,83825,2019-Q2
TSM,TAIWAN SEMIC-ADR,2019-06-01 00:00:00-04:00,2019,2,6,33.700340270996094,33.51966524076499,35.033902505030966,32.40119654816982,167156200,5186523104,174787593428.18286,174.78759342818287,,,,,,,,33.317284,37.688118,0.46436563,1.7238314,,,,11.057394801737107,Technology,Semiconductors,Taiwan,83825,2019-Q2
TSM,TAIWAN SEMIC-ADR,2019-07-01 00:00:00-04:00,2019,3,7,37.86973571777344,36.90145008144701,39.86849019185484,34.858279519020975,145802500,5186523104,196412259242.60596,196.41225924260596,,,,,,,,33.317284,37.688118,0.46436563,1.7238314,,,,6.809240747401435,Technology,Semiconductors,Taiwan,83825,2019-Q3
TSM,TAIWAN SEMIC-ADR,2019-08-01 00:00:00-04:00,2019,3,8,37.86973571777344,37.97633500754662,38.5448690713107,35.337978017365465,134172500,5186523104,196412259242.60596,196.41225924260596,,,,,,,,33.317284,37.688118,0.46436563,1.7238314,,,,0.9543417950045985,Technology,Semiconductors,Taiwan,83825,2019-Q3
TSM,TAIWAN SEMIC-ADR,2019-09-01 00:00:00-04:00,2019,3,9,41.289825439453125,37.44333524992301,41.520794521307046,36.936984386506,127779300,5186523104,214150633601.8506,214.1506336018506,,,,,,,,33.317284,37.688118,0.46436563,1.7238314,,,,8.675894447467725,Technology,Semiconductors,Taiwan,83825,2019-Q3
TSM,TAIWAN SEMIC-ADR,2019-10-01 00:00:00-04:00,2019,4,10,46.19501876831055,42.01661813264518,46.57975384011053,41.37241334869223,194929300,5186523104,239591532131.55627,239.59153213155628,,,,,,,,33.317284,37.688118,0.46436563,1.7238314,,,,40.925423407701466,Technology,Semiconductors,Taiwan,83825,2019-Q4
TSM,TAIWAN SEMIC-ADR,2019-11-01 00:00:00-04:00,2019,4,11,47.501319885253906,46.42764085080099,48.64657570166685,46.25764300715581,107896000,5186523104,246366693055.364,246.366693055364,,,,,,,,33.317284,37.688118,0.46436563,1.7238314,,,,46.876577982548476,Technology,Semiconductors,Taiwan,83825,2019-Q4
TSM,TAIWAN SEMIC-ADR,2019-12-01 00:00:00-05:00,2019,4,12,51.98392105102539,47.91289166490699,53.42443992914373,46.68710994054414,132515900,5186523104,269615807567.65515,269.61580756765517,,,,,,,,33.317284,37.688118,0.46436563,1.7238314,,,,63.69829160523999,Technology,Semiconductors,Taiwan,83825,2019-Q4
TSM,TAIWAN SEMIC-ADR,2020-01-01 00:00:00-05:00,2020,1,1,48.598995208740234,53.69855606281945,54.63557869532971,48.29266101876478,181023600,5186523104,252059811481.31653,252.05981148131653,,,,,,,,33.317284,37.688118,0.46436563,1.7238314,,,,50.150835179978024,Technology,Semiconductors,Taiwan,83825,2020-Q1
TSM,TAIWAN SEMIC-ADR,2020-02-01 00:00:00-05:00,2020,1,2,48.50889587402344,48.968395417208185,53.83370208503955,45.950105545389405,162096800,5186523104,251592509200.15283,251.59250920015282,,,,,,,,33.317284,37.688118,0.46436563,1.7238314,,,,44.38417863044633,Technology,Semiconductors,Taiwan,83825,2020-Q1
TSM,TAIWAN SEMIC-ADR,2020-03-01 00:00:00-05:00,2020,1,3,43.057952880859375,48.986415720717005,51.43708912840181,38.47195199081779,275865900,5186523104,223321067427.5205,223.32106742752052,,,,,,,,33.317284,37.688118,0.46436563,1.7238314,,,,22.183554871669408,Technology,Semiconductors,Taiwan,83825,2020-Q1
TSM,TAIWAN SEMIC-ADR,2020-04-01 00:00:00-04:00,2020,2,4,48.3233528137207,42.59331178721395,49.74221806681608,42.11125829903632,187057700,5186523104,250630185831.10583,250.63018583110585,,,,,,,,33.317284,37.688118,0.46436563,1.7238314,,,,28.175176263068135,Technology,Semiconductors,Taiwan,83825,2020-Q2
TSM,TAIWAN SEMIC-ADR,2020-05-01 00:00:00-04:00,2020,2,5,45.776668548583984,47.732156905913016,48.51435363667793,44.912613939725446,194199900,5186523104,237421749051.38098,237.42174905138097,,,,,,,,33.317284,37.688118,0.46436563,1.7238314,,,,38.73878029760429,Technology,Semiconductors,Taiwan,83825,2020-Q2
TSM,TAIWAN SEMIC-ADR,2020-06-01 00:00:00-04:00,2020,2,6,51.63404846191406,46.304199015693754,52.78915264817543,45.967673692006144,168937600,5186523104,267801185300.77295,267.80118530077294,,,,,,,,33.317284,37.688118,0.46436563,1.7238314,,,,53.21521399103635,Technology,Semiconductors,Taiwan,83825,2020-Q2
TSM,TAIWAN SEMIC-ADR,2020-07-01 00:00:00-04:00,2020,3,7,72.2892837524414,52.2033288817686,76.42193461658707,52.010896896924116,342293900,5186523104,374930040353.6492,374.9300403536492,,,,,,,,33.317284,37.688118,0.46436563,1.7238314,,,,90.88932727490308,Technology,Semiconductors,Taiwan,83825,2020-Q3
TSM,TAIWAN SEMIC-ADR,2020-08-01 00:00:00-04:00,2020,3,8,72.61915588378906,71.26298434453743,76.97172358660292,69.62275972022684,177390900,5186523104,376640929784.2495,376.6409297842495,,,,,,,,33.317284,37.688118,0.46436563,1.7238314,,,,91.76039786754215,Technology,Semiconductors,Taiwan,83825,2020-Q3
TSM,TAIWAN SEMIC-ADR,2020-09-01 00:00:00-04:00,2020,3,9,74.2868881225586,73.41637723966112,79.5282979207925,69.79686879946031,216135000,5186523104,385290661571.9133,385.29066157191335,,,,,,,,33.317284,37.688118,0.46436563,1.7238314,,,,79.9157233820035,Technology,Semiconductors,Taiwan,83825,2020-Q3
TSM,TAIWAN SEMIC-ADR,2020-10-01 00:00:00-04:00,2020,4,10,77.24939727783203,75.5822719020964,84.06524382180213,74.24673611291975,167495100,5186523104,400655783751.55054,400.65578375155053,,,,,,,,33.317284,37.688118,0.46436563,1.7238314,,,,67.22451757249759,Technology,Semiconductors,Taiwan,83825,2020-Q4
TSM,TAIWAN SEMIC-ADR,2020-11-01 00:00:00-04:00,2020,4,11,89.36133575439453,77.92175974072741,94.35349175000934,77.85728575136102,163153400,5186523104,463474632494.4685,463.4746324944685,,,,,,,,33.317284,37.688118,0.46436563,1.7238314,,,,88.1239004942586,Technology,Semiconductors,Taiwan,83825,2020-Q4
TSM,TAIWAN SEMIC-ADR,2020-12-01 00:00:00-05:00,2020,4,12,100.43250274658203,90.89952180883826,101.0403994158027,90.74293608190004,164426200,5186523104,520895495887.69116,520.8954958876911,,,,,,,,33.317284,37.688118,0.46436563,1.7238314,,,,93.1991675810707,Technology,Semiconductors,Taiwan,83825,2020-Q4
TSM,TAIWAN SEMIC-ADR,2021-01-01 00:00:00-05:00,2021,1,1,112.39961242675781,103.10389467190733,125.91310246183917,102.16044430928928,322308600,5186523104,582963186732.0249,582.963186732025,,,,,,,,33.317284,37.688118,0.46436563,1.7238314,,,,131.2797043313015,Technology,Semiconductors,Taiwan,83825,2021-Q1
TSM,TAIWAN SEMIC-ADR,2021-02-01 00:00:00-05:00,2021,1,2,116.48786163330078,115.19293404181636,131.52749918731595,113.61127505433303,216563100,5186523104,604166985696.6697,604.1669856966697,,,,,,,,33.317284,37.688118,0.46436563,1.7238314,,,,140.1371120377946,Technology,Semiconductors,Taiwan,83825,2021-Q1
TSM,TAIWAN SEMIC-ADR,2021-03-01 00:00:00-05:00,2021,1,3,109.40277099609375,119.90092902249145,120.52064205091057,99.79256863215677,296567600,5186523104,567419999412.8613,567.4199994128613,,,,,,,,33.317284,37.688118,0.46436563,1.7238314,,,,154.08261117013473,Technology,Semiconductors,Taiwan,83825,2021-Q1
TSM,TAIWAN SEMIC-ADR,2021-04-01 00:00:00-04:00,2021,2,4,108.38517761230469,114.02076102046867,118.28226868141562,105.62773272875828,214180200,5186523104,562142227817.3618,562.1422278173618,,,,,,,,33.317284,37.688118,0.46436563,1.7238314,,,,124.2915098008893,Technology,Semiconductors,Taiwan,83825,2021-Q2
TSM,TAIWAN SEMIC-ADR,2021-05-01 00:00:00-04:00,2021,2,5,108.9608154296875,109.06294354948416,110.87338370337702,100.14999487511506,169806000,5186523104,565127786656.7539,565.1277866567539,,,,,,,,33.317284,37.688118,0.46436563,1.7238314,,,,138.0269663224717,Technology,Semiconductors,Taiwan,83825,2021-Q2
TSM,TAIWAN SEMIC-ADR,2021-06-01 00:00:00-04:00,2021,2,6,111.56043243408203,111.14263363457768,113.26874452526195,103.99370751018635,178232100,5186523104,578610760311.5974,578.6107603115975,,,,,,,,33.317284,37.688118,0.46436563,1.7238314,,,,116.05982052011754,Technology,Semiconductors,Taiwan,83825,2021-Q2
TSM,TAIWAN SEMIC-ADR,2021-07-01 00:00:00-04:00,2021,3,7,108.707763671875,111.9324615863808,117.22618701558399,104.42991525139166,185969600,5186523104,563815327868.3516,563.8153278683516,,,,,,,,33.317284,37.688118,0.46436563,1.7238314,,,,50.37880862694762,Technology,Semiconductors,Taiwan,83825,2021-Q3
TSM,TAIWAN SEMIC-ADR,2021-08-01 00:00:00-04:00,2021,3,8,110.91658782958984,109.50927515368251,112.58485764051603,100.35709601674988,172912800,5186523104,575271445395.013,575.271445395013,,,,,,,,33.317284,37.688118,0.46436563,1.7238314,,,,52.73736864566061,Technology,Semiconductors,Taiwan,83825,2021-Q3
TSM,TAIWAN SEMIC-ADR,2021-09-01 00:00:00-04:00,2021,3,9,104.05711364746094,112.04430057102161,116.76018712556342,103.46995297756986,149550300,5186523104,539694624068.10986,539.6946240681099,,,,,,,,33.317284,37.688118,0.46436563,1.7238314,,,,40.07467034530696,Technology,Semiconductors,Taiwan,83825,2021-Q3
TSM,TAIWAN SEMIC-ADR,2021-10-01 00:00:00-04:00,2021,4,10,106.4029312133789,104.812037077919,109.63152056793471,100.67570661392053,154392400,5186523104,551861261071.5125,551.8612610715124,,,,,,,,33.317284,37.688118,0.46436563,1.7238314,,,,37.73949695774903,Technology,Semiconductors,Taiwan,83825,2021-Q4
TSM,TAIWAN SEMIC-ADR,2021-11-01 00:00:00-04:00,2021,4,11,109.63153076171875,106.29064705480741,119.86941690891749,105.19573720778067,186917400,5186523104,568606467222.541,568.606467222541,,,,,,,,33.317284,37.688118,0.46436563,1.7238314,,,,22.683406460077894,Technology,Semiconductors,Taiwan,83825,2021-Q4
TSM,TAIWAN SEMIC-ADR,2021-12-01 00:00:00-05:00,2021,4,12,112.58872985839844,111.56868742033221,115.72373891721764,106.59947544456018,155307700,5186523104,583944048660.5981,583.9440486605981,,,,,,,,33.317284,37.688118,0.46436563,1.7238314,,,,12.103877509146432,Technology,Semiconductors,Taiwan,83825,2021-Q4
TSM,TAIWAN SEMIC-ADR,2022-01-01 00:00:00-05:00,2022,1,1,115.23454284667969,116.64408225907009,136.2554765310723,107.30353929474565,358353400,5186523104,597666618853.1821,597.6666188531822,,,,,,,,33.317284,37.688118,0.46436563,1.7238314,,,,2.522188785810253,Technology,Semiconductors,Taiwan,83825,2022-Q1
TSM,TAIWAN SEMIC-ADR,2022-02-01 00:00:00-05:00,2022,1,2,100.5565414428711,115.48826137796861,120.90089460813638,98.08514447329802,201631300,5186523104,521538825451.7844,521.5388254517844,,,,,,,,33.317284,37.688118,0.46436563,1.7238314,,,,-13.676377922174298,Technology,Semiconductors,Taiwan,83825,2022-Q1
TSM,TAIWAN SEMIC-ADR,2022-03-01 00:00:00-05:00,2022,1,3,97.97239685058594,103.36623280980585,104.40929264170245,91.73283573451894,338909100,5186523104,508136099819.8208,508.1360998198208,,,,,,,,33.317284,37.688118,0.46436563,1.7238314,,,,-10.447974984030283,Technology,Semiconductors,Taiwan,83825,2022-Q1
TSM,TAIWAN SEMIC-ADR,2022-04-01 00:00:00-04:00,2022,2,4,87.746826171875,99.87067124890606,100.04063203054037,85.18797738450533,252108500,5186523104,455100941243.10156,455.10094124310154,,,,,,,,33.317284,37.688118,0.46436563,1.7238314,,,,-19.041673312796846,Technology,Semiconductors,Taiwan,83825,2022-Q2
TSM,TAIWAN SEMIC-ADR,2022-05-01 00:00:00-04:00,2022,2,5,89.98464965820312,87.34081665100493,90.91943043554778,80.62737600562926,196435900,5186523104,466707464457.6162,466.7074644576162,,,,,,,,33.317284,37.688118,0.46436563,1.7238314,,,,-17.415587150896194,Technology,Semiconductors,Taiwan,83825,2022-Q2
TSM,TAIWAN SEMIC-ADR,2022-06-01 00:00:00-04:00,2022,2,6,77.19037628173828,90.26788813151086,90.9949452511415,75.65129247342595,196798000,5186523104,400349669991.6892,400.3496699916892,,,,,,,,33.317284,37.688118,0.46436563,1.7238314,,,,-30.808464437113102,Technology,Semiconductors,Taiwan,83825,2022-Q2
TSM,TAIWAN SEMIC-ADR,2022-07-01 00:00:00-04:00,2022,3,7,83.98506927490234,75.02463495169746,84.67797998265208,69.9938810347539,244005100,5186523104,435590502185.32153,435.59050218532155,,,,,,,,33.317284,37.688118,0.46436563,1.7238314,,,,-22.74234476168232,Technology,Semiconductors,Taiwan,83825,2022-Q3
TSM,TAIWAN SEMIC-ADR,2022-08-01 00:00:00-04:00,2022,3,8,79.11568450927734,80.9666257183987,87.26930246069435,77.57798774929756,265011300,5186523104,410335325596.14185,410.33532559614184,,,,,,,,33.317284,37.688118,0.46436563,1.7238314,,,,-28.67100759461768,Technology,Semiconductors,Taiwan,83825,2022-Q3
TSM,TAIWAN SEMIC-ADR,2022-09-01 00:00:00-04:00,2022,3,9,65.0770263671875,77.31219060324625,78.76446993443034,64.29868413175268,227317900,5186523104,337523500793.03516,337.52350079303517,,,,,,,,33.317284,37.688118,0.46436563,1.7238314,,,,-37.46028110325601,Technology,Semiconductors,Taiwan,83825,2022-Q3
TSM,TAIWAN SEMIC-ADR,2022-10-01 00:00:00-04:00,2022,4,10,58.75358581542969,64.98690949596359,71.51614291264745,56.80626866937484,346480100,5186523104,304726830274.57275,304.72683027457276,,,,,,,,33.317284,37.688118,0.46436563,1.7238314,,,,-44.781985660144926,Technology,Semiconductors,Taiwan,83825,2022-Q4
TSM,TAIWAN SEMIC-ADR,2022-11-01 00:00:00-04:00,2022,4,11,79.20995330810547,60.38589190899068,79.63950543894514,56.72990309514522,357723500,5186523104,410824252899.25024,410.82425289925027,,,,,,,,33.317284,37.688118,0.46436563,1.7238314,,,,-27.748930660955363,Technology,Semiconductors,Taiwan,83825,2022-Q4
TSM,TAIWAN SEMIC-ADR,2022-12-01 00:00:00-05:00,2022,4,12,71.10566711425781,79.26721481541402,79.83040563839411,69.53063069860734,261392300,5186523104,368791185313.43115,368.79118531343113,,,,,,,,33.317284,37.688118,0.46436563,1.7238314,,,,-36.844773714308175,Technology,Semiconductors,Taiwan,83825,2022-Q4
TSM,TAIWAN SEMIC-ADR,2023-01-01 00:00:00-05:00,2023,1,1,89.01868438720703,72.81426539960387,94.07776074769215,70.81751116882097,318689500,5186523104,461697463261.93335,461.69746326193336,,,,,,,,33.317284,37.688118,0.46436563,1.7238314,,,,-22.74999996689624,Technology,Semiconductors,Taiwan,83825,2023-Q1
TSM,TAIWAN SEMIC-ADR,2023-02-01 00:00:00-05:00,2023,1,2,83.58519744873047,89.27786137564459,95.02812157910721,83.19161068557692,259738900,5186523104,433516557720.24243,433.5165577202424,,,,,,,,33.317284,37.688118,0.46436563,1.7238314,,,,-16.87741418969,Technology,Semiconductors,Taiwan,83825,2023-Q1
TSM,TAIWAN SEMIC-ADR,2023-03-01 00:00:00-05:00,2023,1,3,89.29707336425781,85.4763683191348,91.98501237690236,82.02045196290938,237414100,5186523104,463141334123.30615,463.14133412330614,,,,,,,,33.317284,37.688118,0.46436563,1.7238314,,,,-8.854865008108902,Technology,Semiconductors,Taiwan,83825,2023-Q1
TSM,TAIWAN SEMIC-ADR,2023-04-01 00:00:00-04:00,2023,2,4,81.34735107421875,89.75227785631745,90.32160926193346,78.36557612228732,192482300,5186523104,421909915795.63477,421.9099157956348,,,,,,,,33.317284,37.688118,0.46436563,1.7238314,,,,-7.293112898603549,Technology,Semiconductors,Taiwan,83825,2023-Q2
TSM,TAIWAN SEMIC-ADR,2023-05-01 00:00:00-04:00,2023,2,5,95.1368408203125,81.34736047661906,101.55392328427877,79.55250715918676,296515100,5186523104,493429422956.1211,493.4294229561211,,,,,,,,33.317284,37.688118,0.46436563,1.7238314,,,,5.725633407119335,Technology,Semiconductors,Taiwan,83825,2023-Q2
TSM,TAIWAN SEMIC-ADR,2023-06-01 00:00:00-04:00,2023,2,6,97.3852310180664,95.22369006086198,106.81303661045574,90.94885245724417,247204000,5186523104,505090750663.57886,505.09075066357883,,,,,,,,33.317284,37.688118,0.46436563,1.7238314,,,,26.162399652799493,Technology,Semiconductors,Taiwan,83825,2023-Q2
TSM,TAIWAN SEMIC-ADR,2023-07-01 00:00:00-04:00,2023,3,7,96.07795715332031,99.08190587735766,103.9754406162783,93.34533178083375,197701600,5186523104,498310544560.8179,498.31054456081785,,,,,,,,33.317284,37.688118,0.46436563,1.7238314,,,,14.398854442609533,Technology,Semiconductors,Taiwan,83825,2023-Q3
TSM,TAIWAN SEMIC-ADR,2023-08-01 00:00:00-04:00,2023,3,8,90.67085266113281,96.06827302341905,96.1167267944282,86.78509532383646,186436400,5186523104,470266472186.3452,470.2664721863452,,,,,,,,33.317284,37.688118,0.46436563,1.7238314,,,,14.605407541535564,Technology,Semiconductors,Taiwan,83825,2023-Q3
TSM,TAIWAN SEMIC-ADR,2023-09-01 00:00:00-04:00,2023,3,9,84.20751190185547,91.37823348554411,92.10499565835701,81.41674042672939,168502600,5186523104,436744206009.32837,436.74420600932837,,,,,,,,33.317284,37.688118,0.46436563,1.7238314,,,,29.396680522442797,Technology,Semiconductors,Taiwan,83825,2023-Q3
TSM,TAIWAN SEMIC-ADR,2023-10-01 00:00:00-04:00,2023,4,10,84.06986999511719,84.91729230851597,92.30055944471191,82.74516743759578,206491500,5186523104,436030323079.95166,436.03032307995164,,,,,,,,33.317284,37.688118,0.46436563,1.7238314,,,,43.08891760107518,Technology,Semiconductors,Taiwan,83825,2023-Q4
TSM,TAIWAN SEMIC-ADR,2023-11-01 00:00:00-04:00,2023,4,11,94.78437042236328,84.22572019067444,98.08638425384596,84.0990895126519,186181200,5186523104,491601327093.6814,491.6013270936814,,,,,,,,33.317284,37.688118,0.46436563,1.7238314,,,,19.66219706465109,Technology,Semiconductors,Taiwan,83825,2023-Q4
TSM,TAIWAN SEMIC-ADR,2023-12-01 00:00:00-05:00,2023,4,12,101.30073547363281,95.16424564065976,102.78128141459513,92.77783705638005,173291500,5186523104,525398604986.18896,525.398604986189,,,,,,,,33.317284,37.688118,0.46436563,1.7238314,,,,42.46506584468908,Technology,Semiconductors,Taiwan,83825,2023-Q4
TSM,TAIWAN SEMIC-ADR,2024-01-01 00:00:00-05:00,2024,1,1,110.54672241210938,100.06553167715043,116.31088789380387,96.6892404408629,308915700,5186523104,573353129861.8799,573.3531298618799,,,,,,,,33.317284,37.688118,0.46436563,1.7238314,,,,24.183729711462874,Technology,Semiconductors,Taiwan,83825,2024-Q1
TSM,TAIWAN SEMIC-ADR,2024-02-01 00:00:00-05:00,2024,1,2,125.92109680175781,111.3687837432429,132.28223102775462,110.20420447261996,264486000,5186523104,653092677843.3374,653.0926778433374,,,,,,,,33.317284,37.688118,0.46436563,1.7238314,,,,50.64999622570176,Technology,Semiconductors,Taiwan,83825,2024-Q1
TSM,TAIWAN SEMIC-ADR,2024-03-01 00:00:00-05:00,2024,1,3,133.14341735839844,127.34989461463942,155.01592079276983,127.32053673222434,383687900,5186523104,690551410274.8481,690.5514102748482,,,,,,,,33.317284,37.688118,0.46436563,1.7238314,,,,49.1016584779705,Technology,Semiconductors,Taiwan,83825,2024-Q1
TSM,TAIWAN SEMIC-ADR,2024-04-01 00:00:00-04:00,2024,2,4,134.95166015625,134.90252665524864,145.8488019709551,123.59269042032301,344521700,5186523104,699929903323.5469,699.9299033235469,673510177000.0,673510.177,358124478000.0,247845528000.0,286543360000.0,474115309000.0,0.2598067286975631,33.317284,37.688118,0.46436563,1.7238314,,,,65.8955803405625,Technology,Semiconductors,Taiwan,83825,2024-Q2
TSM,TAIWAN SEMIC-ADR,2024-05-01 00:00:00-04:00,2024,2,5,148.41342163085938,135.03027698182566,157.98404932021165,130.89349689271936,266618300,5186523104,769749640232.1455,769.7496402321455,673510177000.0,673510.177,358124478000.0,247845528000.0,286543360000.0,474115309000.0,0.2857230916913619,33.317284,37.688118,0.46436563,1.7238314,,0.0,,55.99994739280001,Technology,Semiconductors,Taiwan,83825,2024-Q2
TSM,TAIWAN SEMIC-ADR,2024-06-01 00:00:00-04:00,2024,2,6,170.78746032714844,152.42247502531097,181.64530500999388,148.3643054782649,305445700,5186523104,885793108860.2388,885.7931088602388,673510177000.0,673510.177,358124478000.0,247845528000.0,286543360000.0,474115309000.0,0.3287972250121763,33.317284,37.688118,0.46436563,1.7238314,,0.0,,75.37306072156345,Technology,Semiconductors,Taiwan,83825,2024-Q2
TSM,TAIWAN SEMIC-ADR,2024-07-01 00:00:00-04:00,2024,3,7,163.43072509765625,171.75012011235006,190.70531967525633,149.93635245346957,445684600,5186523104,847637231622.4668,847.6372316224667,759692143000.0,759692.143,439345666000.0,325257571000.0,360749776000.0,555051199000.0,0.2789410287551397,33.317284,37.688118,0.46436563,1.7238314,,12.795941166602454,,70.10220652053938,Technology,Semiconductors,Taiwan,83825,2024-Q3
TSM,TAIWAN SEMIC-ADR,2024-08-01 00:00:00-04:00,2024,3,8,169.24639892578125,161.14386176505607,172.94281131513614,131.66128797852426,349594500,5186523104,877800358297.3652,877.8003582973653,759692143000.0,759692.143,439345666000.0,325257571000.0,360749776000.0,555051199000.0,0.28886713071394937,33.317284,37.688118,0.46436563,1.7238314,,0.0,12.795941166602454,86.66020441906666,Technology,Semiconductors,Taiwan,83825,2024-Q3
TSM,TAIWAN SEMIC-ADR,2024-09-01 00:00:00-04:00,2024,3,9,171.18824768066406,165.59927398844295,186.62446933007877,153.7806061028155,253931200,5186523104,887871801729.0386,887.8718017290386,759692143000.0,759692.143,439345666000.0,325257571000.0,360749776000.0,555051199000.0,0.29218144807410446,33.317284,37.688118,0.46436563,1.7238314,,0.0,12.795941166602454,103.29332124215394,Technology,Semiconductors,Taiwan,83825,2024-Q3
TSM,TAIWAN SEMIC-ADR,2024-10-01 00:00:00-04:00,2024,4,10,188.51039123535156,173.44262302776198,210.33542426459516,168.96087708323188,356942700,5186523104,977713499486.23,977.71349948623,868461179000.0,868461.179,512378187000.0,359792224000.0,425698231000.0,621700871000.0,0.2814499724132833,33.317284,37.688118,0.46436563,1.7238314,,14.317514930518382,28.94551688414948,124.2306206091437,Technology,Semiconductors,Taiwan,83825,2024-Q4
TSM,TAIWAN SEMIC-ADR,2024-11-01 00:00:00-04:00,2024,4,11,182.6930389404297,192.13141395586638,204.40922851955057,176.15344685251395,245539200,5186523104,947541667404.5103,947.5416674045102,868461179000.0,868461.179,512378187000.0,359792224000.0,425698231000.0,621700871000.0,0.2727645432855066,33.317284,37.688118,0.46436563,1.7238314,,0.0,14.317514930518382,92.74595392293219,Technology,Semiconductors,Taiwan,83825,2024-Q4
TSM,TAIWAN SEMIC-ADR,2024-12-01 00:00:00-05:00,2024,4,12,195.38638305664062,187.323186102694,205.94272662575034,186.9274528579475,253846600,5186523104,1013375989930.2607,1013.3759899302607,868461179000.0,868461.179,512378187000.0,359792224000.0,425698231000.0,621700871000.0,0.2917159725830015,33.317284,37.688118,0.46436563,1.7238314,,0.0,14.317514930518382,92.877556261669,Technology,Semiconductors,Taiwan,83825,2024-Q4
TSM,TAIWAN SEMIC-ADR,2025-01-01 00:00:00-05:00,2025,1,1,207.74798583984375,195.52050343213395,224.699699409506,186.26057117309566,405736700,5186523104,1077489728367.8145,1077.4897283678145,839253664000.0,839253.664,493395076000.0,360732661000.0,407089168000.0,608711765000.0,0.3209666441110153,33.317284,37.688118,0.46436563,1.7238314,,-3.3631342086737126,10.472863479384431,87.92776602220354,Technology,Semiconductors,Taiwan,83825,2025-Q1
TSM,TAIWAN SEMIC-ADR,2025-02-01 00:00:00-05:00,2025,1,2,179.1741943359375,198.13075683828745,211.5789824101218,174.20182555811894,280718000,5186523104,929291098563.9258,929.2910985639257,839253664000.0,839253.664,493395076000.0,360732661000.0,407089168000.0,608711765000.0,0.276820685576395,33.317284,37.688118,0.46436563,1.7238314,,0.0,-3.3631342086737126,42.29084632102433,Technology,Semiconductors,Taiwan,83825,2025-Q1
TSM,TAIWAN SEMIC-ADR,2025-03-01 00:00:00-05:00,2025,1,3,164.75331115722656,179.78952596721194,183.35257595303014,158.53039570627539,339020100,5186523104,854496854777.4565,854.4968547774565,839253664000.0,839253.664,493395076000.0,360732661000.0,407089168000.0,608711765000.0,0.25454069831068876,33.317284,37.688118,0.46436563,1.7238314,,0.0,-3.3631342086737126,23.74123664990504,Technology,Semiconductors,Taiwan,83825,2025-Q1
TSM,TAIWAN SEMIC-ADR,2025-04-01 00:00:00-04:00,2025,2,4,166.0827178955078,165.7838078140205,171.12428088529353,133.76090077933424,443428100,5186523104,861391853540.1655,861.3918535401655,933791869000.0,933791.869,547369238000.0,398273102000.0,463440498000.0,684784211000.0,0.23061666152186358,33.317284,37.688118,0.46436563,1.7238314,,11.264556719290052,7.522580350134445,23.068302904324113,Technology,Semiconductors,Taiwan,83825,2025-Q2
TSM,TAIWAN SEMIC-ADR,2025-05-01 00:00:00-04:00,2025,2,5,192.61570739746094,172.1704612305174,199.07209532268578,169.96850597282514,281389300,5186523104,999005816610.2349,999.0058166102349,933791869000.0,933791.869,547369238000.0,398273102000.0,463440498000.0,684784211000.0,0.26745944406221717,33.317284,37.688118,0.46436563,1.7238314,,0.0,11.264556719290052,29.783213189804016,Technology,Semiconductors,Taiwan,83825,2025-Q2
TSM,TAIWAN SEMIC-ADR,2025-06-01 00:00:00-04:00,2025,2,6,225.6648712158203,192.3367220092755,228.04616350859294,191.49978589371005,215694600,5186523104,1170416068322.0366,1170.4160683220366,933791869000.0,933791.869,547369238000.0,398273102000.0,463440498000.0,684784211000.0,0.3133503586766712,33.317284,37.688118,0.46436563,1.7238314,,0.0,11.264556719290052,32.13199071146826,Technology,Semiconductors,Taiwan,83825,2025-Q2
TSM,TAIWAN SEMIC-ADR,2025-07-01 00:00:00-04:00,2025,3,7,241.6199951171875,227.42999267578125,248.27999877929688,221.17999267578125,263626300,5186523104,1253167687063.6602,1253.1676870636602,,,,,,,,33.317284,37.688118,0.46436563,1.7238314,,0.0,11.264556719290052,47.84245433213987,Technology,Semiconductors,Taiwan,83825,2025-Q3
TSM,TAIWAN SEMIC-ADR,2025-08-01 00:00:00-04:00,2025,3,8,230.8699951171875,235.6199951171875,247.83999633789062,223.6999969482422,219691700,5186523104,1197412563695.6602,1197.41256369566,,,,,,,,33.317284,37.688118,0.46436563,1.7238314,,0.0,0.0,36.410580421524784,Technology,Semiconductors,Taiwan,83825,2025-Q3
TSM,TAIWAN SEMIC-ADR,2025-09-01 00:00:00-04:00,2025,3,9,279.2900085449219,226.14999389648438,286.0,225.6300048828125,251136900,5186523104,1448544082034.5947,1448.5440820345948,,,,,,,,33.317284,37.688118,0.46436563,1.7238314,,0.0,0.0,63.147886802318176,Technology,Semiconductors,Taiwan,83825,2025-Q3
TSM,TAIWAN SEMIC-ADR,2025-10-01 00:00:00-04:00,2025,4,10,304.5199890136719,278.44000244140625,307.29998779296875,277.1700134277344,89710263,5186523104,1579399958649.2354,1579.3999586492353,,,,,,,,33.317284,37.688118,0.46436563,1.7238314,,0.0,0.0,61.54016074025574,Technology,Semiconductors,Taiwan,83825,2025-Q4
