ticker,company_name,date,year,quarter,month,close_price,open_price,high_price,low_price,volume,shares_outstanding,market_cap,market_cap_billions,revenue,revenue_millions,gross_profit,net_income,operating_income,ebitda,ps_ratio,current_pe,forward_pe,current_ps,current_pb,peg_ratio,revenue_qoq_pct,revenue_yoy_pct,market_cap_yoy_pct,sector,industry,country,employees,year_quarter
UI,UBIQUITI INC,2015-01-01 00:00:00-05:00,2015,1,1,24.53289794921875,27.974966738598532,28.198840885498917,24.150446059198057,16883700,60498713,1484208752.0880737,1.4842087520880738,,,,,,,,62.500423,72.12059,17.293137,66.59093,,,,,Technology,Communication Equipment,United States,1667,2015-Q1
UI,UBIQUITI INC,2015-02-01 00:00:00-05:00,2015,1,2,29.514102935791016,24.7194609003168,29.76596202102712,23.945228799889716,21846000,60498713,1785565242.964878,1.785565242964878,,,,,,,,62.500423,72.12059,17.293137,66.59093,,,,,Technology,Communication Equipment,United States,1667,2015-Q1
UI,UBIQUITI INC,2015-03-01 00:00:00-05:00,2015,1,3,27.564529418945312,29.504773769831555,30.754740847876118,26.21195624993341,13617000,60498713,1667618554.2968292,1.6676185542968291,,,,,,,,62.500423,72.12059,17.293137,66.59093,,,,,Technology,Communication Equipment,United States,1667,2015-Q1
UI,UBIQUITI INC,2015-04-01 00:00:00-04:00,2015,2,4,26.650379180908203,27.508564380124007,29.635371642318052,25.18586788836676,16199500,60498713,1612313641.4069405,1.6123136414069406,,,,,,,,62.500423,72.12059,17.293137,66.59093,,,,,Technology,Communication Equipment,United States,1667,2015-Q2
UI,UBIQUITI INC,2015-05-01 00:00:00-04:00,2015,2,5,29.66335105895996,26.72500053185817,29.849913731458983,23.78665000475638,16932200,60498713,1794594562.3342648,1.7945945623342647,,,,,,,,62.500423,72.12059,17.293137,66.59093,,,,,Technology,Communication Equipment,United States,1667,2015-Q2
UI,UBIQUITI INC,2015-06-01 00:00:00-04:00,2015,2,6,29.775291442871094,29.737978193655508,31.976721549974922,28.338763373556667,13997600,60498713,1801366811.4936142,1.801366811493614,,,,,,,,62.500423,72.12059,17.293137,66.59093,,,,,Technology,Communication Equipment,United States,1667,2015-Q2
UI,UBIQUITI INC,2015-07-01 00:00:00-04:00,2015,3,7,30.05513572692871,30.14841529236411,33.58115596451929,28.51599798853331,13158000,60498713,1818297030.5195065,1.8182970305195065,,,,,,,,62.500423,72.12059,17.293137,66.59093,,,,,Technology,Communication Equipment,United States,1667,2015-Q3
UI,UBIQUITI INC,2015-08-01 00:00:00-04:00,2015,3,8,32.797603607177734,29.980516623756756,33.62780404287165,26.585088363513307,18309200,60498713,1984212807.7184105,1.9842128077184105,,,,,,,,62.500423,72.12059,17.293137,66.59093,,,,,Technology,Communication Equipment,United States,1667,2015-Q3
UI,UBIQUITI INC,2015-09-01 00:00:00-04:00,2015,3,9,31.612916946411133,32.06999521858438,34.607234924666564,29.029035692559678,8386300,60498713,1912540789.4337635,1.9125407894337636,,,,,,,,62.500423,72.12059,17.293137,66.59093,,,,,Technology,Communication Equipment,United States,1667,2015-Q3
UI,UBIQUITI INC,2015-10-01 00:00:00-04:00,2015,4,10,27.219396591186523,31.612930918931088,33.54384737019176,26.771648209861073,11120400,60498713,1646738462.4033718,1.6467384624033718,,,,,,,,62.500423,72.12059,17.293137,66.59093,,,,,Technology,Communication Equipment,United States,1667,2015-Q4
UI,UBIQUITI INC,2015-11-01 00:00:00-04:00,2015,4,11,32.54574203491211,27.312678870735176,32.8162578030907,26.762320799580227,8799800,60498713,1968975506.7421837,1.9689755067421837,,,,,,,,62.500423,72.12059,17.293137,66.59093,,,,,Technology,Communication Equipment,United States,1667,2015-Q4
UI,UBIQUITI INC,2015-12-01 00:00:00-05:00,2015,4,12,29.560741424560547,32.648341193547616,33.09608944576699,28.917102199999313,7377300,60498713,1788386811.5116997,1.7883868115116996,,,,,,,,62.500423,72.12059,17.293137,66.59093,,,,,Technology,Communication Equipment,United States,1667,2015-Q4
UI,UBIQUITI INC,2016-01-01 00:00:00-05:00,2016,1,1,27.620500564575195,29.775290846170954,29.793947470404866,24.019853930336236,13000600,60498713,1671004736.5725727,1.6710047365725726,,,,,,,,62.500423,72.12059,17.293137,66.59093,,,,12.585560098719473,Technology,Communication Equipment,United States,1667,2016-Q1
UI,UBIQUITI INC,2016-02-01 00:00:00-05:00,2016,1,2,30.474895477294922,27.294015874430215,32.64834409201793,25.670926981644552,20732100,60498713,1843691955.1858635,1.8436919551858635,,,,,,,,62.500423,72.12059,17.293137,66.59093,,,,3.2553675901793255,Technology,Communication Equipment,United States,1667,2016-Q1
UI,UBIQUITI INC,2016-03-01 00:00:00-05:00,2016,1,3,31.034578323364258,30.54019033415285,32.07932416332264,29.038364408427,8240700,60498713,1877552047.0612354,1.8775520470612355,,,,,,,,62.500423,72.12059,17.293137,66.59093,,,,12.588819680824859,Technology,Communication Equipment,United States,1667,2016-Q1
UI,UBIQUITI INC,2016-04-01 00:00:00-04:00,2016,2,4,33.226680755615234,30.88532995753701,34.13150730977915,29.905880477199695,8602200,60498713,2010171422.9765892,2.010171422976589,,,,,,,,62.500423,72.12059,17.293137,66.59093,,,,24.676202653875045,Technology,Communication Equipment,United States,1667,2016-Q2
UI,UBIQUITI INC,2016-05-01 00:00:00-04:00,2016,2,5,37.18180847167969,33.180052577500305,37.70417981260821,32.275225707123575,12517800,60498713,2249451559.549118,2.2494515595491182,,,,,,,,62.500423,72.12059,17.293137,66.59093,,,,25.34594758958879,Technology,Communication Equipment,United States,1667,2016-Q2
UI,UBIQUITI INC,2016-06-01 00:00:00-04:00,2016,2,6,36.06243133544922,37.57358240826812,38.441095917831504,33.70242337845821,12269300,60498713,2181730683.445549,2.181730683445549,,,,,,,,62.500423,72.12059,17.293137,66.59093,,,,21.115292539255435,Technology,Communication Equipment,United States,1667,2016-Q2
UI,UBIQUITI INC,2016-07-01 00:00:00-04:00,2016,3,7,41.71525573730469,36.034443866310866,41.901814852127366,34.56993275295333,8734200,60498713,2523719284.5727997,2.5237192845728,,,,,,,,62.500423,72.12059,17.293137,66.59093,,,,38.79576560996454,Technology,Communication Equipment,United States,1667,2016-Q3
UI,UBIQUITI INC,2016-08-01 00:00:00-04:00,2016,3,8,47.9464225769043,41.864502579447624,49.52286977350175,40.63319399402741,10905600,60498713,2900696858.8568535,2.9006968588568536,,,,,,,,62.500423,72.12059,17.293137,66.59093,,,,46.18879827674742,Technology,Communication Equipment,United States,1667,2016-Q3
UI,UBIQUITI INC,2016-09-01 00:00:00-04:00,2016,3,9,49.905338287353516,47.9464385816724,51.052694235925365,46.864379052730726,8022500,60498713,3019208738.214512,3.019208738214512,,,,,,,,62.500423,72.12059,17.293137,66.59093,,,,57.863756678799724,Technology,Communication Equipment,United States,1667,2016-Q3
UI,UBIQUITI INC,2016-10-01 00:00:00-04:00,2016,4,10,48.907222747802734,49.90532904401199,51.30454387702167,45.00807712847811,8701600,60498713,2958824032.646389,2.958824032646389,,,,,,,,62.500423,72.12059,17.293137,66.59093,,,,79.67783592836366,Technology,Communication Equipment,United States,1667,2016-Q4
UI,UBIQUITI INC,2016-11-01 00:00:00-04:00,2016,4,11,52.20003890991211,48.76729834055128,53.86044288036214,47.209507582427136,10787400,60498713,3158035172.5996056,3.1580351725996056,,,,,,,,62.500423,72.12059,17.293137,66.59093,,,,60.38976420914497,Technology,Communication Equipment,United States,1667,2016-Q4
UI,UBIQUITI INC,2016-12-01 00:00:00-05:00,2016,4,12,53.916412353515625,52.54518419872368,55.436893510699136,48.63670837908654,8207400,60498713,3261873556.9649963,3.2618735569649964,,,,,,,,62.500423,72.12059,17.293137,66.59093,,,,82.39194876458397,Technology,Communication Equipment,United States,1667,2016-Q4
UI,UBIQUITI INC,2017-01-01 00:00:00-05:00,2017,1,1,58.207340240478516,54.65333317591352,58.76702476728819,52.7597301832071,5805800,60498713,3521469171.7020607,3.5214691717020608,,,,,,,,62.500423,72.12059,17.293137,66.59093,,,,110.73962835826596,Technology,Communication Equipment,United States,1667,2017-Q1
UI,UBIQUITI INC,2017-02-01 00:00:00-05:00,2017,1,2,45.83828353881836,58.30062590069242,60.27818569328313,44.597648070013285,22052100,60498713,2773157160.2275963,2.7731571602275964,,,,,,,,62.500423,72.12059,17.293137,66.59093,,,,50.41325924471114,Technology,Communication Equipment,United States,1667,2017-Q1
UI,UBIQUITI INC,2017-03-01 00:00:00-05:00,2017,1,3,46.883018493652344,46.10878821808331,49.224373059945336,43.36632871568703,12220900,60498713,2836362280.4211655,2.8363622804211657,,,,,,,,62.500423,72.12059,17.293137,66.59093,,,,51.06703885309971,Technology,Communication Equipment,United States,1667,2017-Q1
UI,UBIQUITI INC,2017-04-01 00:00:00-04:00,2017,2,4,48.0583610534668,46.91100543290828,48.97251422533325,44.96143281950716,7091900,60498713,2907468992.6240654,2.9074689926240653,,,,,,,,62.500423,72.12059,17.293137,66.59093,,,,44.6378631887419,Technology,Communication Equipment,United States,1667,2017-Q2
UI,UBIQUITI INC,2017-05-01 00:00:00-04:00,2017,2,5,43.99131393432617,48.18895840729007,48.739316380525274,42.63873889247145,14780300,60498713,2661417876.2057,2.6614178762057,,,,,,,,62.500423,72.12059,17.293137,66.59093,,,,18.314078154194924,Technology,Communication Equipment,United States,1667,2017-Q2
UI,UBIQUITI INC,2017-06-01 00:00:00-04:00,2017,2,6,48.47813034057617,44.215189496660514,49.690782466352246,44.07526659206097,11635700,60498713,2932864494.25111,2.93286449425111,,,,,,,,62.500423,72.12059,17.293137,66.59093,,,,34.42834702307598,Technology,Communication Equipment,United States,1667,2017-Q2
UI,UBIQUITI INC,2017-07-01 00:00:00-04:00,2017,3,7,50.838134765625,48.95385851794768,51.08066375111016,47.50800402069447,5380100,60498713,3075641724.640869,3.075641724640869,,,,,,,,62.500423,72.12059,17.293137,66.59093,,,,21.86940692817567,Technology,Communication Equipment,United States,1667,2017-Q3
UI,UBIQUITI INC,2017-08-01 00:00:00-04:00,2017,3,8,55.58613586425781,50.9873832871036,63.24450699079976,50.11986989249158,13963900,60498713,3362889680.4307404,3.36288968043074,,,,,,,,62.500423,72.12059,17.293137,66.59093,,,,15.933854658498658,Technology,Communication Equipment,United States,1667,2017-Q3
UI,UBIQUITI INC,2017-09-01 00:00:00-04:00,2017,3,9,52.25600814819336,55.96859091880068,55.96859091880068,44.56965342965437,31864000,60498713,3161421239.4832115,3.1614212394832113,,,,,,,,62.500423,72.12059,17.293137,66.59093,,,,4.710257342220081,Technology,Communication Equipment,United States,1667,2017-Q3
UI,UBIQUITI INC,2017-10-01 00:00:00-04:00,2017,4,10,58.00212097167969,52.256012020545036,62.255731919348065,51.07134299796922,9831600,60498713,3509053670.0569305,3.5090536700569306,,,,,,,,62.500423,72.12059,17.293137,66.59093,,,,18.59622712738389,Technology,Communication Equipment,United States,1667,2017-Q4
UI,UBIQUITI INC,2017-11-01 00:00:00-04:00,2017,4,11,62.33966827392578,58.673726202572425,63.56164659211938,54.19623720419017,7338600,60498713,3771469699.419441,3.771469699419441,,,,,,,,62.500423,72.12059,17.293137,66.59093,,,,19.4245628466156,Technology,Communication Equipment,United States,1667,2017-Q4
UI,UBIQUITI INC,2017-12-01 00:00:00-05:00,2017,4,12,66.24815368652344,61.97588990031288,68.29100957458137,57.95547808866594,6067400,60498713,4007928036.6608734,4.007928036660873,,,,,,,,62.500423,72.12059,17.293137,66.59093,,,,22.8719619772767,Technology,Communication Equipment,United States,1667,2017-Q4
UI,UBIQUITI INC,2018-01-01 00:00:00-05:00,2018,1,1,75.24976348876953,66.2574777497303,76.77024798983895,64.79296667504873,6316300,60498713,4552513844.624947,4.552513844624946,,,,,,,,62.500423,72.12059,17.293137,66.59093,,,,29.2788214989411,Technology,Communication Equipment,United States,1667,2018-Q1
UI,UBIQUITI INC,2018-02-01 00:00:00-05:00,2018,1,2,59.32670211791992,74.71806388570346,75.60423746967057,46.08080574629461,18837600,60498713,3589189124.6685295,3.5891891246685295,,,,,,,,62.500423,72.12059,17.293137,66.59093,,,,29.426098749266714,Technology,Communication Equipment,United States,1667,2018-Q1
UI,UBIQUITI INC,2018-03-01 00:00:00-05:00,2018,1,3,64.17729949951172,59.63451445638149,67.81525102914541,58.13269052060059,11980900,60498713,3882644023.536003,3.882644023536003,,,,,,,,62.500423,72.12059,17.293137,66.59093,,,,36.8881560136767,Technology,Communication Equipment,United States,1667,2018-Q1
UI,UBIQUITI INC,2018-04-01 00:00:00-04:00,2018,2,4,66.47203063964844,64.29858202245342,69.94208435434494,63.78553376799992,6628900,60498713,4021472304.1952972,4.0214723041952976,,,,,,,,62.500423,72.12059,17.293137,66.59093,,,,38.31522586818081,Technology,Communication Equipment,United States,1667,2018-Q2
UI,UBIQUITI INC,2018-05-01 00:00:00-04:00,2018,2,5,77.04078674316406,66.22019044467757,80.00712329985728,64.78366196207503,8811600,60498713,4660868446.468887,4.660868446468887,,,,,,,,62.500423,72.12059,17.293137,66.59093,,,,75.12726911993772,Technology,Communication Equipment,United States,1667,2018-Q2
UI,UBIQUITI INC,2018-06-01 00:00:00-04:00,2018,2,6,79.02764129638672,76.69561697634119,83.94354543166239,75.22177589804679,10415000,60498713,4781070589.857048,4.781070589857048,,,,,,,,62.500423,72.12059,17.293137,66.59093,,,,63.01709810421592,Technology,Communication Equipment,United States,1667,2018-Q2
UI,UBIQUITI INC,2018-07-01 00:00:00-04:00,2018,3,7,77.03141784667969,78.62652139563502,83.57973805380011,75.9400323316217,6060900,60498713,4660301640.289352,4.660301640289353,,,,,,,,62.500423,72.12059,17.293137,66.59093,,,,51.52290343029202,Technology,Communication Equipment,United States,1667,2018-Q3
UI,UBIQUITI INC,2018-08-01 00:00:00-04:00,2018,3,8,83.682373046875,77.25531357634273,84.29803098053448,74.20502841593996,7626800,60498713,5062675870.121826,5.062675870121826,,,,,,,,62.500423,72.12059,17.293137,66.59093,,,,50.545404435430854,Technology,Communication Equipment,United States,1667,2018-Q3
UI,UBIQUITI INC,2018-09-01 00:00:00-04:00,2018,3,9,92.48285675048828,83.4834097500976,94.79352605715931,81.48145490711669,9734900,60498713,5595093807.967903,5.595093807967904,,,,,,,,62.500423,72.12059,17.293137,66.59093,,,,76.9803320762948,Technology,Communication Equipment,United States,1667,2018-Q3
UI,UBIQUITI INC,2018-10-01 00:00:00-04:00,2018,4,10,87.08504486083984,92.95059029885883,93.22188414064517,77.3839864709666,10924800,60498713,5268533135.628075,5.268533135628075,,,,,,,,62.500423,72.12059,17.293137,66.59093,,,,50.14113863760308,Technology,Communication Equipment,United States,1667,2018-Q4
UI,UBIQUITI INC,2018-11-01 00:00:00-04:00,2018,4,11,101.95003509521484,87.1037579146567,105.1961899632361,82.706943461905,10964300,60498713,6167845913.5653305,6.167845913565331,,,,,,,,62.500423,72.12059,17.293137,66.59093,,,,63.5395854967302,Technology,Communication Equipment,United States,1667,2018-Q4
UI,UBIQUITI INC,2018-12-01 00:00:00-05:00,2018,4,12,93.20556640625,106.838080839942,108.23509120934926,86.33304908149,7401900,60498713,5638816812.01416,5.63881681201416,,,,,,,,62.500423,72.12059,17.293137,66.59093,,,,40.69156832246992,Technology,Communication Equipment,United States,1667,2018-Q4
UI,UBIQUITI INC,2019-01-01 00:00:00-05:00,2019,1,1,101.45631408691406,90.86158259766403,103.09709175214164,89.67084280052259,6114700,60498713,6137976427.982071,6.137976427982071,,,,,,,,62.500423,72.12059,17.293137,66.59093,,,,34.82609031994588,Technology,Communication Equipment,United States,1667,2019-Q1
UI,UBIQUITI INC,2019-02-01 00:00:00-05:00,2019,1,2,135.3782501220703,101.10005554577462,139.4004939517474,99.66554790462449,9513100,60498713,8190209900.577347,8.190209900577347,,,,,,,,62.500423,72.12059,17.293137,66.59093,,,,128.1910931994628,Technology,Communication Equipment,United States,1667,2019-Q1
UI,UBIQUITI INC,2019-03-01 00:00:00-05:00,2019,1,3,140.62950134277344,136.58090788804236,142.1794165687122,127.82621028666568,6174100,60498713,8507903841.069565,8.507903841069565,,,,,,,,62.500423,72.12059,17.293137,66.59093,,,,119.12654854516491,Technology,Communication Equipment,United States,1667,2019-Q1
UI,UBIQUITI INC,2019-04-01 00:00:00-04:00,2019,2,4,160.11158752441406,142.84641081526894,164.33864623230392,141.36224181561525,7915700,60498713,9686544981.613907,9.686544981613906,,,,,,,,62.500423,72.12059,17.293137,66.59093,,,,140.87061277305503,Technology,Communication Equipment,United States,1667,2019-Q2
UI,UBIQUITI INC,2019-05-01 00:00:00-04:00,2019,2,5,113.01274871826172,160.76911018085053,161.5581719498008,112.80609138988031,14362400,60498713,6837125850.047234,6.837125850047234,,,,,,,,62.500423,72.12059,17.293137,66.59093,,,,46.69210102308503,Technology,Communication Equipment,United States,1667,2019-Q2
UI,UBIQUITI INC,2019-06-01 00:00:00-04:00,2019,2,6,123.75973510742188,113.15310545565433,128.38072942376505,111.8355098815649,6143800,60498713,7487304695.21994,7.48730469521994,,,,,,,,62.500423,72.12059,17.293137,66.59093,,,,56.60309870981861,Technology,Communication Equipment,United States,1667,2019-Q2
UI,UBIQUITI INC,2019-07-01 00:00:00-04:00,2019,3,7,121.15277862548828,127.05372218809121,129.67949279463164,120.10812129339016,5405400,60498713,7329587183.21595,7.32958718321595,,,,,,,,62.500423,72.12059,17.293137,66.59093,,,,57.27709811420845,Technology,Communication Equipment,United States,1667,2019-Q3
UI,UBIQUITI INC,2019-08-01 00:00:00-04:00,2019,3,8,104.0052490234375,121.67982705661615,123.11978260782786,100.90890156264437,10386100,60498713,6292183711.162476,6.292183711162475,,,,,,,,62.500423,72.12059,17.293137,66.59093,,,,24.285730956958606,Technology,Communication Equipment,United States,1667,2019-Q3
UI,UBIQUITI INC,2019-09-01 00:00:00-04:00,2019,3,9,111.60306549072266,103.43053937543523,113.2262466628076,102.78881675391166,7425400,60498713,6751841829.043434,6.7518418290434346,,,,,,,,62.500423,72.12059,17.293137,66.59093,,,,20.67432755869474,Technology,Communication Equipment,United States,1667,2019-Q3
UI,UBIQUITI INC,2019-10-01 00:00:00-04:00,2019,4,10,119.46415710449219,112.02773039544488,123.60704036498099,104.73286152170772,5214900,60498713,7227427754.451584,7.2274277544515835,,,,,,,,62.500423,72.12059,17.293137,66.59093,,,,37.18102493418189,Technology,Communication Equipment,United States,1667,2019-Q4
UI,UBIQUITI INC,2019-11-01 00:00:00-04:00,2019,4,11,186.0994415283203,119.94543154324903,188.656899661147,115.34957259000517,6301900,60498713,11258776702.482132,11.258776702482132,,,,,,,,62.500423,72.12059,17.293137,66.59093,,,,82.53985038309726,Technology,Communication Equipment,United States,1667,2019-Q4
UI,UBIQUITI INC,2019-12-01 00:00:00-05:00,2019,4,12,178.626953125,187.11500497060106,187.98460214233668,174.28841423607764,5279700,60498713,10806700771.173828,10.806700771173828,,,,,,,,62.500423,72.12059,17.293137,66.59093,,,,91.64837467585197,Technology,Communication Equipment,United States,1667,2019-Q4
UI,UBIQUITI INC,2020-01-01 00:00:00-05:00,2020,1,1,154.46726989746094,179.84633724546413,182.38897179323814,153.9663063348354,4682700,60498713,9345071029.420029,9.345071029420028,,,,,,,,62.500423,72.12059,17.293137,66.59093,,,,52.25003124510739,Technology,Communication Equipment,United States,1667,2020-Q1
UI,UBIQUITI INC,2020-02-01 00:00:00-05:00,2020,1,2,128.22802734375,155.13833249233053,161.3483951450816,123.15220677218333,5695600,60498713,7757630624.825684,7.757630624825683,,,,,,,,62.500423,72.12059,17.293137,66.59093,,,,-5.2816628755896655,Technology,Communication Equipment,United States,1667,2020-Q1
UI,UBIQUITI INC,2020-03-01 00:00:00-05:00,2020,1,3,134.0995635986328,129.335326895131,139.6878288657661,104.19757795706813,6295800,60498713,8112851011.578934,8.112851011578934,,,,,,,,62.500423,72.12059,17.293137,66.59093,,,,-4.64336265277967,Technology,Communication Equipment,United States,1667,2020-Q1
UI,UBIQUITI INC,2020-04-01 00:00:00-04:00,2020,2,4,153.46905517578125,132.8208672081967,158.69740700348675,125.03517424770112,3000800,60498713,9284680323.460754,9.284680323460755,,,,,,,,62.500423,72.12059,17.293137,66.59093,,,,-4.148689330570754,Technology,Communication Equipment,United States,1667,2020-Q2
UI,UBIQUITI INC,2020-05-01 00:00:00-04:00,2020,2,5,174.66659545898438,151.47999987919684,182.679598418293,146.52633397250298,3104600,60498713,10567104229.360199,10.567104229360199,,,,,,,,62.500423,72.12059,17.293137,66.59093,,,,54.55477142178387,Technology,Communication Equipment,United States,1667,2020-Q2
UI,UBIQUITI INC,2020-06-01 00:00:00-04:00,2020,2,6,165.62327575683594,174.323809422432,175.13978169690165,155.63236766830192,2273400,60498713,10019995026.132675,10.019995026132674,,,,,,,,62.500423,72.12059,17.293137,66.59093,,,,33.82646271267229,Technology,Communication Equipment,United States,1667,2020-Q2
UI,UBIQUITI INC,2020-07-01 00:00:00-04:00,2020,3,7,175.81344604492188,164.71243822890492,180.46258149204527,161.4295688620132,1510800,60498713,10636487213.812714,10.636487213812714,,,,,,,,62.500423,72.12059,17.293137,66.59093,,,,45.117138904756416,Technology,Communication Equipment,United States,1667,2020-Q3
UI,UBIQUITI INC,2020-08-01 00:00:00-04:00,2020,3,8,172.44517517089844,176.4870761280285,185.01683168266956,170.7847677070796,1651600,60498713,10432711160.89891,10.432711160898911,,,,,,,,62.500423,72.12059,17.293137,66.59093,,,,65.80430006185367,Technology,Communication Equipment,United States,1667,2020-Q3
UI,UBIQUITI INC,2020-09-01 00:00:00-04:00,2020,3,9,158.47227478027344,172.63075325683997,179.41997634783044,143.34390314523682,3611400,60498713,9587368670.3889,9.587368670388901,,,,,,,,62.500423,72.12059,17.293137,66.59093,,,,41.99634578446856,Technology,Communication Equipment,United States,1667,2020-Q3
UI,UBIQUITI INC,2020-10-01 00:00:00-04:00,2020,4,10,176.4912567138672,158.6053664224804,197.05861155434638,155.60060905104487,2929600,60498713,10677493886.941574,10.677493886941575,,,,,,,,62.500423,72.12059,17.293137,66.59093,,,,47.73574015132831,Technology,Communication Equipment,United States,1667,2020-Q4
UI,UBIQUITI INC,2020-11-01 00:00:00-04:00,2020,4,11,235.92076110839844,178.53565233481893,257.99049806296006,173.88589063642922,2175100,60498713,14272902417.038559,14.272902417038559,,,,,,,,62.500423,72.12059,17.293137,66.59093,,,,26.77134287503835,Technology,Communication Equipment,United States,1667,2020-Q4
UI,UBIQUITI INC,2020-12-01 00:00:00-05:00,2020,4,12,265.25030517578125,238.86907493751798,271.32656162205086,234.43093142326885,1622500,60498713,16047302085.992004,16.047302085992005,,,,,,,,62.500423,72.12059,17.293137,66.59093,,,,48.49399854576468,Technology,Communication Equipment,United States,1667,2020-Q4
UI,UBIQUITI INC,2021-01-01 00:00:00-05:00,2021,1,1,293.3266906738281,264.41213398546665,308.19351895216454,224.8688831131373,2568000,60498713,17745887274.315704,17.745887274315706,,,,,,,,62.500423,72.12059,17.293137,66.59093,,,,89.89569173362446,Technology,Communication Equipment,United States,1667,2021-Q1
UI,UBIQUITI INC,2021-02-01 00:00:00-05:00,2021,1,2,303.736328125,294.1743213478079,345.612930897232,279.5932281386679,2144000,60498713,18375656942.908203,18.375656942908204,,,,,,,,62.500423,72.12059,17.293137,66.59093,,,,136.87202744744127,Technology,Communication Equipment,United States,1667,2021-Q1
UI,UBIQUITI INC,2021-03-01 00:00:00-05:00,2021,1,3,284.4171142578125,307.5766664480695,383.10977090910785,281.2707078093698,3298300,60498713,17206869367.771606,17.206869367771606,,,,,,,,62.500423,72.12059,17.293137,66.59093,,,,112.0939894398823,Technology,Communication Equipment,United States,1667,2021-Q1
UI,UBIQUITI INC,2021-04-01 00:00:00-04:00,2021,2,4,272.05072021484375,284.41709717952364,286.0379907661139,260.1897049672482,2413100,60498713,16458718443.72113,16.458718443721132,,,,,,,,62.500423,72.12059,17.293137,66.59093,,,,77.26747578086068,Technology,Communication Equipment,United States,1667,2021-Q2
UI,UBIQUITI INC,2021-05-01 00:00:00-04:00,2021,2,5,287.4872741699219,272.8135386017685,289.6611619984369,249.3202681557251,1833700,60498713,17392610091.158417,17.392610091158417,,,,,,,,62.500423,72.12059,17.293137,66.59093,,,,64.59201796111628,Technology,Communication Equipment,United States,1667,2021-Q2
UI,UBIQUITI INC,2021-06-01 00:00:00-04:00,2021,2,6,298.1033935546875,289.20392275300605,310.15395040038044,272.27395284987085,1974900,60498713,18034871650.99109,18.03487165099109,,,,,,,,62.500423,72.12059,17.293137,66.59093,,,,79.98882837721169,Technology,Communication Equipment,United States,1667,2021-Q2
UI,UBIQUITI INC,2021-07-01 00:00:00-04:00,2021,3,7,298.97235107421875,300.0704551056804,307.3466218605492,275.0144620695706,1264600,60498713,18087442462.5744,18.0874424625744,,,,,,,,62.500423,72.12059,17.293137,66.59093,,,,70.05090213511241,Technology,Communication Equipment,United States,1667,2021-Q3
UI,UBIQUITI INC,2021-08-01 00:00:00-04:00,2021,3,8,310.6790466308594,300.77696788232095,329.2132293956198,279.6073420387885,1038600,60498713,18795682477.23398,18.795682477233978,,,,,,,,62.500423,72.12059,17.293137,66.59093,,,,80.16105485292178,Technology,Communication Equipment,United States,1667,2021-Q3
UI,UBIQUITI INC,2021-09-01 00:00:00-04:00,2021,3,9,285.1934814453125,312.4265968968547,317.89805940879586,282.52936313943854,1070100,60498713,17253838583.430786,17.253838583430785,,,,,,,,62.500423,72.12059,17.293137,66.59093,,,,79.96427566950864,Technology,Communication Equipment,United States,1667,2021-Q3
UI,UBIQUITI INC,2021-10-01 00:00:00-04:00,2021,4,10,292.27667236328125,287.18743711998803,318.5550757236076,283.48531523528635,984500,60498713,17682362517.901184,17.682362517901183,,,,,,,,62.500423,72.12059,17.293137,66.59093,,,,65.60405189766922,Technology,Communication Equipment,United States,1667,2021-Q4
UI,UBIQUITI INC,2021-11-01 00:00:00-04:00,2021,4,11,286.30731201171875,291.4730632671606,316.60350439898633,277.87947731020654,1610100,60498713,17321223899.198425,17.321223899198426,,,,,,,,62.500423,72.12059,17.293137,66.59093,,,,21.357404353307086,Technology,Communication Equipment,United States,1667,2021-Q4
UI,UBIQUITI INC,2021-12-01 00:00:00-05:00,2021,4,12,293.98052978515625,291.02824736004703,302.7989692485804,254.98759110218197,3049200,60498713,17785443699.06012,17.78544369906012,,,,,,,,62.500423,72.12059,17.293137,66.59093,,,,10.831363451339104,Technology,Communication Equipment,United States,1667,2021-Q4
UI,UBIQUITI INC,2022-01-01 00:00:00-05:00,2022,1,1,278.0114440917969,295.4949838652191,295.4949838652191,259.60769646044156,2253200,60498713,16819334566.825165,16.819334566825166,,,,,,,,62.500423,72.12059,17.293137,66.59093,,,,-5.22122502621537,Technology,Communication Equipment,United States,1667,2022-Q1
UI,UBIQUITI INC,2022-02-01 00:00:00-05:00,2022,1,2,243.3606414794922,277.98267825319414,288.8811355062932,215.8029650867423,2932300,60498713,14723005604.363693,14.723005604363694,,,,,,,,62.500423,72.12059,17.293137,66.59093,,,,-19.877663965391957,Technology,Communication Equipment,United States,1667,2022-Q1
UI,UBIQUITI INC,2022-03-01 00:00:00-05:00,2022,1,3,279.7701721191406,243.10294221690143,285.276031920372,232.94642095298136,2217700,60498713,16925735348.99649,16.92573534899649,,,,,,,,62.500423,72.12059,17.293137,66.59093,,,,-1.6338475800930952,Technology,Communication Equipment,United States,1667,2022-Q1
UI,UBIQUITI INC,2022-04-01 00:00:00-04:00,2022,2,4,271.20867919921875,281.7207203420709,289.4365940813249,264.2903238373509,1826000,60498713,16407776045.982605,16.407776045982605,,,,,,,,62.500423,72.12059,17.293137,66.59093,,,,-0.3095161868933993,Technology,Communication Equipment,United States,1667,2022-Q2
UI,UBIQUITI INC,2022-05-01 00:00:00-04:00,2022,2,5,251.32810974121094,269.51758565888554,278.04059807295744,209.61624911232047,1679200,60498713,15205027180.066025,15.205027180066025,,,,,,,,62.500423,72.12059,17.293137,66.59093,,,,-12.577657405224397,Technology,Communication Equipment,United States,1667,2022-Q2
UI,UBIQUITI INC,2022-06-01 00:00:00-04:00,2022,2,6,239.13742065429688,254.42732012055,266.7980175956456,232.5088940950861,1269000,60498713,14467506179.724579,14.467506179724579,,,,,,,,62.500423,72.12059,17.293137,66.59093,,,,-19.780376263839216,Technology,Communication Equipment,United States,1667,2022-Q2
UI,UBIQUITI INC,2022-07-01 00:00:00-04:00,2022,3,7,290.6048889160156,238.82917670610308,295.72079657002695,230.17741587786034,933700,60498713,17581221770.92691,17.58122177092691,,,,,,,,62.500423,72.12059,17.293137,66.59093,,,,-2.798741130455218,Technology,Communication Equipment,United States,1667,2022-Q3
UI,UBIQUITI INC,2022-08-01 00:00:00-04:00,2022,3,8,299.044677734375,290.74937408618473,321.0787316563493,284.60257034223895,1161800,60498713,18091818132.429443,18.09181813242944,,,,,,,,62.500423,72.12059,17.293137,66.59093,,,,-3.744819299097446,Technology,Communication Equipment,United States,1667,2022-Q3
UI,UBIQUITI INC,2022-09-01 00:00:00-04:00,2022,3,9,282.8298034667969,300.47053467691677,303.30307425863845,272.0391736886095,1318000,60498713,17110839107.78415,17.110839107784148,,,,,,,,62.500423,72.12059,17.293137,66.59093,,,,-0.828798037927414,Technology,Communication Equipment,United States,1667,2022-Q3
UI,UBIQUITI INC,2022-10-01 00:00:00-04:00,2022,4,10,334.7273864746094,288.0441521366745,338.47286273685177,276.4022727459105,1000100,60498713,20250576087.567474,20.250576087567474,,,,,,,,62.500423,72.12059,17.293137,66.59093,,,,14.524154038049474,Technology,Communication Equipment,United States,1667,2022-Q4
UI,UBIQUITI INC,2022-11-01 00:00:00-04:00,2022,4,11,289.6272277832031,337.86464732377937,337.86464732377937,263.6020049122829,1322000,60498713,17522074530.641632,17.522074530641632,,,,,,,,62.500423,72.12059,17.293137,66.59093,,,,1.1595637387523228,Technology,Communication Equipment,United States,1667,2022-Q4
UI,UBIQUITI INC,2022-12-01 00:00:00-05:00,2022,4,12,264.6226501464844,288.17002836544646,294.8259898074658,255.11277148869172,1641000,60498713,16009329764.511566,16.009329764511566,,,,,,,,62.500423,72.12059,17.293137,66.59093,,,,-9.986334693704679,Technology,Communication Equipment,United States,1667,2022-Q4
UI,UBIQUITI INC,2023-01-01 00:00:00-05:00,2023,1,1,282.64599609375,265.66748313964644,287.3186971778324,255.22887399006768,1436600,60498713,17099718998.274902,17.099718998274902,,,,,,,,62.500423,72.12059,17.293137,66.59093,,,,1.6670364117898906,Technology,Communication Equipment,United States,1667,2023-Q1
UI,UBIQUITI INC,2023-02-01 00:00:00-05:00,2023,1,2,259.5629577636719,279.7533633873332,293.8682451447869,258.0924662910394,1180800,60498713,15703224887.175507,15.703224887175507,,,,,,,,62.500423,72.12059,17.293137,66.59093,,,,6.657738977707717,Technology,Communication Equipment,United States,1667,2023-Q1
UI,UBIQUITI INC,2023-03-01 00:00:00-05:00,2023,1,3,263.40869140625,257.70791339555365,266.61779780557396,247.46979232681002,973000,60498713,15935886823.092285,15.935886823092286,,,,,,,,62.500423,72.12059,17.293137,66.59093,,,,-5.848186241213393,Technology,Communication Equipment,United States,1667,2023-Q1
UI,UBIQUITI INC,2023-04-01 00:00:00-04:00,2023,2,4,225.4617156982422,261.1884929516806,262.5264343168398,223.9783523558658,862300,60498713,13640143630.515549,13.64014363051555,,,,,,,,62.500423,72.12059,17.293137,66.59093,,,,-16.867809553901747,Technology,Communication Equipment,United States,1667,2023-Q2
UI,UBIQUITI INC,2023-05-01 00:00:00-04:00,2023,2,5,158.1770477294922,224.93813881544867,230.24140989443205,155.59813796318934,1992600,60498713,9569507813.77385,9.56950781377385,,,,,,,,62.500423,72.12059,17.293137,66.59093,,,,-37.063527079257106,Technology,Communication Equipment,United States,1667,2023-Q2
UI,UBIQUITI INC,2023-06-01 00:00:00-04:00,2023,2,6,170.96649169921875,158.61215927912343,184.36170832024806,156.18992597341622,1947500,60498713,10343252713.927917,10.343252713927917,,,,,,,,62.500423,72.12059,17.293137,66.59093,,,,-28.507010223894547,Technology,Communication Equipment,United States,1667,2023-Q2
UI,UBIQUITI INC,2023-07-01 00:00:00-04:00,2023,3,7,172.81475830078125,172.15327350512226,184.17686253671008,166.36522216919025,1499400,60498713,10455070464.603333,10.455070464603333,,,,,,,,62.500423,72.12059,17.293137,66.59093,,,,-40.53274225860514,Technology,Communication Equipment,United States,1667,2023-Q3
UI,UBIQUITI INC,2023-08-01 00:00:00-04:00,2023,3,8,170.2660675048828,172.1824496289088,176.25840942728416,148.3492856972237,1894800,60498713,10300877951.616531,10.300877951616531,,,,,,,,62.500423,72.12059,17.293137,66.59093,,,,-43.06333461780556,Technology,Communication Equipment,United States,1667,2023-Q3
UI,UBIQUITI INC,2023-09-01 00:00:00-04:00,2023,3,9,141.34527587890625,171.77390605158868,174.19613940313167,133.62138178401085,1397000,60498713,8551207279.303772,8.551207279303773,,,,,,,,62.500423,72.12059,17.293137,66.59093,,,,-50.02461758048082,Technology,Communication Equipment,United States,1667,2023-Q3
UI,UBIQUITI INC,2023-10-01 00:00:00-04:00,2023,4,10,118.55079650878906,141.4605322740552,141.76312970847695,109.60946383705193,2212200,60498713,7172170613.906631,7.172170613906632,,,,,,,,62.500423,72.12059,17.293137,66.59093,,,,-64.5828810849985,Technology,Communication Equipment,United States,1667,2023-Q4
UI,UBIQUITI INC,2023-11-01 00:00:00-04:00,2023,4,11,109.5801773071289,118.83387045630522,121.81106508341132,100.54122615228083,2572600,60498713,6629459697.393105,6.629459697393105,,,,,,,,62.500423,72.12059,17.293137,66.59093,,,,-62.16509816917013,Technology,Communication Equipment,United States,1667,2023-Q4
UI,UBIQUITI INC,2023-12-01 00:00:00-05:00,2023,4,12,137.00531005859375,110.06761255936952,140.99098814746543,108.46744540349817,2388700,60498713,8288644932.710876,8.288644932710877,,,,,,,,62.500423,72.12059,17.293137,66.59093,,,,-48.22615902956411,Technology,Communication Equipment,United States,1667,2023-Q4
UI,UBIQUITI INC,2024-01-01 00:00:00-05:00,2024,1,1,123.43828582763672,135.83708682538105,137.20164181881725,120.758263570206,1844500,60498713,7467857427.498161,7.467857427498162,,,,,,,,62.500423,72.12059,17.293137,66.59093,,,,-56.327601475488855,Technology,Communication Equipment,United States,1667,2024-Q1
UI,UBIQUITI INC,2024-02-01 00:00:00-05:00,2024,1,2,115.03498077392578,124.64577241210142,133.70680994662663,113.91584945860778,1851100,60498713,6959468286.802254,6.959468286802254,,,,,,,,62.500423,72.12059,17.293137,66.59093,,,,-55.68127988483496,Technology,Communication Equipment,United States,1667,2024-Q1
UI,UBIQUITI INC,2024-03-01 00:00:00-05:00,2024,1,3,114.26422882080078,115.43794235600234,119.19578817884106,105.6734533220901,1911100,60498713,6912838785.595955,6.912838785595955,,,,,,,,62.500423,72.12059,17.293137,66.59093,,,,-56.620934483679086,Technology,Communication Equipment,United States,1667,2024-Q1
UI,UBIQUITI INC,2024-04-01 00:00:00-04:00,2024,2,4,106.107421875,114.66860832769024,116.65108956466032,102.81313665480216,1783000,60498713,6419362463.185547,6.419362463185547,507461000.0,507.461,204140000.0,103804000.0,138369000.0,142909000.0,3.1624905476408762,62.500423,72.12059,17.293137,66.59093,,,,-52.9377209135523,Technology,Communication Equipment,United States,1667,2024-Q2
UI,UBIQUITI INC,2024-05-01 00:00:00-04:00,2024,2,5,141.20040893554688,106.10743128845196,150.4618766626102,105.60441013483626,2011900,60498713,8542443015.674286,8.542443015674285,507461000.0,507.461,204140000.0,103804000.0,138369000.0,142909000.0,4.20842341365853,62.500423,72.12059,17.293137,66.59093,,0.0,,-10.732681534793887,Technology,Communication Equipment,United States,1667,2024-Q2
UI,UBIQUITI INC,2024-06-01 00:00:00-04:00,2024,2,6,144.2755889892578,143.67138608434485,150.06007951624423,137.73831215294592,1240400,60498713,8728487451.167068,8.72848745116707,507461000.0,507.461,204140000.0,103804000.0,138369000.0,142909000.0,4.300077962231121,62.500423,72.12059,17.293137,66.59093,,0.0,,-15.6117742399009,Technology,Communication Equipment,United States,1667,2024-Q2
UI,UBIQUITI INC,2024-07-01 00:00:00-04:00,2024,3,7,183.8062744140625,144.61235655160098,187.29280801887646,143.96854046177384,1347700,60498713,11120043043.37561,11.12004304337561,550344000.0,550.344,231618000.0,127988000.0,169206000.0,175332000.0,5.051405595125781,62.500423,72.12059,17.293137,66.59093,,8.450501614902418,,6.360287872029247,Technology,Communication Equipment,United States,1667,2024-Q3
UI,UBIQUITI INC,2024-08-01 00:00:00-04:00,2024,3,8,191.68072509765625,182.72663583285862,208.0040894058416,155.4483919008346,1444700,60498713,11596437175.315002,11.596437175315003,550344000.0,550.344,231618000.0,127988000.0,169206000.0,175332000.0,5.267813029357549,62.500423,72.12059,17.293137,66.59093,,0.0,8.450501614902418,12.577172836953743,Technology,Communication Equipment,United States,1667,2024-Q3
UI,UBIQUITI INC,2024-09-01 00:00:00-04:00,2024,3,9,219.61268615722656,190.68030296317485,221.8115876034954,184.6283742284013,1266900,60498713,13286284870.985123,13.286284870985122,550344000.0,550.344,231618000.0,127988000.0,169206000.0,175332000.0,6.035445499081085,62.500423,72.12059,17.293137,66.59093,,0.0,8.450501614902418,55.37320564245374,Technology,Communication Equipment,United States,1667,2024-Q3
UI,UBIQUITI INC,2024-10-01 00:00:00-04:00,2024,4,10,263.9832458496094,219.51076832461968,268.22580503216597,214.23488147117956,1242100,60498713,15970646627.463959,15.970646627463958,599879000.0,599.879,247230000.0,136795000.0,178812000.0,183396000.0,6.655778343409237,62.500423,72.12059,17.293137,66.59093,,9.00073408631692,18.211842880536633,122.67521908217489,Technology,Communication Equipment,United States,1667,2024-Q4
UI,UBIQUITI INC,2024-11-01 00:00:00-04:00,2024,4,11,344.2641906738281,264.7582380288869,363.64887107241077,243.42615686541157,1902000,60498713,20827540467.753204,20.827540467753206,599879000.0,599.879,247230000.0,136795000.0,178812000.0,183396000.0,8.679892306512315,62.500423,72.12059,17.293137,66.59093,,0.0,9.00073408631692,214.1664844262225,Technology,Communication Equipment,United States,1667,2024-Q4
UI,UBIQUITI INC,2024-12-01 00:00:00-05:00,2024,4,12,330.3891906738281,344.39388574567135,364.63946486376057,321.3612858584252,1708800,60498713,19988120824.878204,19.988120824878205,599879000.0,599.879,247230000.0,136795000.0,178812000.0,183396000.0,8.33006357318651,62.500423,72.12059,17.293137,66.59093,,0.0,9.00073408631692,141.15064630161336,Technology,Communication Equipment,United States,1667,2024-Q4
UI,UBIQUITI INC,2025-01-01 00:00:00-05:00,2025,1,1,401.66680908203125,330.10056903175007,436.0862782064545,330.10056903175007,1837500,60498713,24300325004.279602,24.300325004279603,664170000.0,664.17,295874000.0,180435000.0,226861000.0,233766000.0,9.146876930710361,62.500423,72.12059,17.293137,66.59093,,10.717327994478886,20.682700274737265,225.39888770239364,Technology,Communication Equipment,United States,1667,2025-Q1
UI,UBIQUITI INC,2025-02-01 00:00:00-05:00,2025,1,2,340.1039123535156,383.55128743715494,467.7984117835245,304.6791211431273,2358800,60498713,20575848983.652496,20.575848983652495,664170000.0,664.17,295874000.0,180435000.0,226861000.0,233766000.0,7.74494819987823,62.500423,72.12059,17.293137,66.59093,,0.0,10.717327994478886,195.6526006831869,Technology,Communication Equipment,United States,1667,2025-Q1
UI,UBIQUITI INC,2025-03-01 00:00:00-05:00,2025,1,3,309.2441711425781,342.0092399948518,344.7812087111606,293.2704256481598,1843400,60498713,18708874356.877716,18.708874356877715,664170000.0,664.17,295874000.0,180435000.0,226861000.0,233766000.0,7.04220092629813,62.500423,72.12059,17.293137,66.59093,,0.0,10.717327994478886,170.63952939074403,Technology,Communication Equipment,United States,1667,2025-Q1
UI,UBIQUITI INC,2025-04-01 00:00:00-04:00,2025,2,4,325.5070495605469,309.9521046378874,329.1564507405096,254.26342329342287,1973400,60498713,19692757570.8403,19.6927575708403,759152000.0,759.152,342730000.0,266705000.0,261402000.0,265688000.0,6.485116804948252,62.500423,72.12059,17.293137,66.59093,,14.300856708372866,26.55085442230849,206.77123598763046,Technology,Communication Equipment,United States,1667,2025-Q2
UI,UBIQUITI INC,2025-05-01 00:00:00-04:00,2025,2,5,394.148193359375,332.36714604445325,463.6568239778341,332.36714604445325,2380500,60498713,23845458429.517334,23.845458429517333,759152000.0,759.152,342730000.0,266705000.0,261402000.0,265688000.0,7.852662717584006,62.500423,72.12059,17.293137,66.59093,,0.0,14.300856708372866,179.1409715670796,Technology,Communication Equipment,United States,1667,2025-Q2
UI,UBIQUITI INC,2025-06-01 00:00:00-04:00,2025,2,6,411.02642822265625,393.7027038351792,417.10719945979054,367.8619323459147,2164500,60498713,24866569916.45758,24.866569916457582,759152000.0,759.152,342730000.0,266705000.0,261402000.0,265688000.0,8.188929857412475,62.500423,72.12059,17.293137,66.59093,,0.0,14.300856708372866,184.88979397149416,Technology,Communication Equipment,United States,1667,2025-Q2
UI,UBIQUITI INC,2025-07-01 00:00:00-04:00,2025,3,7,434.81036376953125,406.533254779058,473.00242376806943,392.714222870136,2473200,60498713,26305467407.11847,26.30546740711847,,,,,,,,62.500423,72.12059,17.293137,66.59093,,0.0,14.300856708372866,136.5590430226712,Technology,Communication Equipment,United States,1667,2025-Q3
UI,UBIQUITI INC,2025-08-01 00:00:00-04:00,2025,3,8,527.3300170898438,417.796173572042,543.1659784424654,379.424392936365,4021100,60498713,31902787360.203552,31.90278736020355,,,,,,,,62.500423,72.12059,17.293137,66.59093,,0.0,0.0,175.10852581613676,Technology,Communication Equipment,United States,1667,2025-Q3
UI,UBIQUITI INC,2025-09-01 00:00:00-04:00,2025,3,9,659.579345703125,512.7021417348875,675.225591135424,510.22591803356994,3892100,60498713,39903701536.42114,39.903701536421146,,,,,,,,62.500423,72.12059,17.293137,66.59093,,0.0,0.0,200.3375429918992,Technology,Communication Equipment,United States,1667,2025-Q3
UI,UBIQUITI INC,2025-10-01 00:00:00-04:00,2025,4,10,735.6300048828125,657.8499755859375,773.9500122070312,645.0,3447383,60498713,44504668539.59387,44.50466853959387,,,,,,,,62.500423,72.12059,17.293137,66.59093,,0.0,0.0,178.66541397930197,Technology,Communication Equipment,United States,1667,2025-Q4
