ticker,company_name,date,year,quarter,month,close_price,open_price,high_price,low_price,volume,shares_outstanding,market_cap,market_cap_billions,revenue,revenue_millions,gross_profit,net_income,operating_income,ebitda,ps_ratio,current_pe,forward_pe,current_ps,current_pb,peg_ratio,revenue_qoq_pct,revenue_yoy_pct,market_cap_yoy_pct,user_subscribers_millions,sector,industry,country,employees,year_quarter
VRNT,VERINT SYSTEMS INC,2015-01-01 00:00:00-05:00,2015,1,1,27.193071365356445,29.73509979248047,30.05603790283203,26.91798210144043,18958457,60594610,1647753554.0859413,1.6477535540859414,,,,,,,,27.767122,6.496795,1.3741257,1.3656269,,,,,,Technology,Software - Infrastructure,United States,3700,2015-Q1
VRNT,VERINT SYSTEMS INC,2015-02-01 00:00:00-05:00,2015,1,2,31.01375389099121,27.223636627197266,31.309221267700195,26.89251136779785,17581021,60594610,1879266321.660595,1.879266321660595,,,,,,,,27.767122,6.496795,1.3741257,1.3656269,,,,,,Technology,Software - Infrastructure,United States,3700,2015-Q1
VRNT,VERINT SYSTEMS INC,2015-03-01 00:00:00-05:00,2015,1,3,31.54865074157715,31.12582778930664,32.3382568359375,28.364748001098633,19732667,60594610,1911678187.712078,1.911678187712078,,,,,,,,27.767122,6.496795,1.3741257,1.3656269,,,,,,Technology,Software - Infrastructure,United States,3700,2015-Q1
VRNT,VERINT SYSTEMS INC,2015-04-01 00:00:00-04:00,2015,2,4,31.29393768310547,31.61487579345703,33.00050735473633,31.018848419189453,12421078,60594610,1896243949.2720795,1.8962439492720795,,,,,,,,27.767122,6.496795,1.3741257,1.3656269,,,,,,Technology,Software - Infrastructure,United States,3700,2015-Q2
VRNT,VERINT SYSTEMS INC,2015-05-01 00:00:00-04:00,2015,2,5,32.94447326660156,31.339786529541016,33.65766525268555,31.105451583862305,12804649,60594610,1996257509.2451477,1.9962575092451478,,,,,,,,27.767122,6.496795,1.3741257,1.3656269,,,,,,Technology,Software - Infrastructure,United States,3700,2015-Q2
VRNT,VERINT SYSTEMS INC,2015-06-01 00:00:00-04:00,2015,2,6,30.947528839111328,33.07692337036133,33.85124969482422,30.489046096801758,19501622,60594610,1875253440.4697037,1.8752534404697037,,,,,,,,27.767122,6.496795,1.3741257,1.3656269,,,,,,Technology,Software - Infrastructure,United States,3700,2015-Q2
VRNT,VERINT SYSTEMS INC,2015-07-01 00:00:00-04:00,2015,3,7,29.6586856842041,31.278654098510742,31.839021682739258,29.062658309936523,12523547,60594610,1797156492.1469307,1.7971564921469307,,,,,,,,27.767122,6.496795,1.3741257,1.3656269,,,,,,Technology,Software - Infrastructure,United States,3700,2015-Q3
VRNT,VERINT SYSTEMS INC,2015-08-01 00:00:00-04:00,2015,3,8,27.167600631713867,29.755475997924805,30.40753936767578,26.230260848999023,20124874,60594610,1646210164.9144554,1.6462101649144554,,,,,,,,27.767122,6.496795,1.3741257,1.3656269,,,,,,Technology,Software - Infrastructure,United States,3700,2015-Q3
VRNT,VERINT SYSTEMS INC,2015-09-01 00:00:00-04:00,2015,3,9,21.981660842895508,26.790626525878906,27.554763793945312,20.83545684814453,34514057,60594610,1331970165.9275246,1.3319701659275245,,,,,,,,27.767122,6.496795,1.3741257,1.3656269,,,,,,Technology,Software - Infrastructure,United States,3700,2015-Q3
VRNT,VERINT SYSTEMS INC,2015-10-01 00:00:00-04:00,2015,4,10,24.23841094970703,21.976566314697266,24.829343795776367,21.6912899017334,21828758,60594610,1468717058.5172272,1.4687170585172271,,,,,,,,27.767122,6.496795,1.3741257,1.3656269,,,,,,Technology,Software - Infrastructure,United States,3700,2015-Q4
VRNT,VERINT SYSTEMS INC,2015-11-01 00:00:00-04:00,2015,4,11,23.866531372070312,24.309730529785156,25.318389892578125,22.669384002685547,17343106,60594610,1446183160.5433655,1.4461831605433655,,,,,,,,27.767122,6.496795,1.3741257,1.3656269,,,,,,Technology,Software - Infrastructure,United States,3700,2015-Q4
VRNT,VERINT SYSTEMS INC,2015-12-01 00:00:00-05:00,2015,4,12,20.66225242614746,23.988792419433594,24.06520652770996,19.872644424438477,31781756,60594610,1252021127.4839592,1.2520211274839592,,,,,,,,27.767122,6.496795,1.3741257,1.3656269,,,,,,Technology,Software - Infrastructure,United States,3700,2015-Q4
VRNT,VERINT SYSTEMS INC,2016-01-01 00:00:00-05:00,2016,1,1,18.6500244140625,20.290372848510742,21.07488441467285,18.140600204467773,17844456,60594610,1130090955.8605957,1.1300909558605956,,,,,,,,27.767122,6.496795,1.3741257,1.3656269,,,,-31.416263490477412,,Technology,Software - Infrastructure,United States,3700,2016-Q1
VRNT,VERINT SYSTEMS INC,2016-02-01 00:00:00-05:00,2016,1,2,18.0998477935791,18.537952423095703,19.103412628173828,15.160469055175781,22745675,60594610,1096753218.1112862,1.0967532181112862,,,,,,,,27.767122,6.496795,1.3741257,1.3656269,,,,-41.639287339425564,,Technology,Software - Infrastructure,United States,3700,2016-Q1
VRNT,VERINT SYSTEMS INC,2016-03-01 00:00:00-05:00,2016,1,3,17.00458526611328,18.257768630981445,19.358125686645508,15.180846214294434,39065662,60594610,1030386212.4118805,1.0303862124118806,,,,,,,,27.767122,6.496795,1.3741257,1.3656269,,,,-46.100435782810266,,Technology,Software - Infrastructure,United States,3700,2016-Q1
VRNT,VERINT SYSTEMS INC,2016-04-01 00:00:00-04:00,2016,2,4,17.238920211791992,16.94345474243164,18.344371795654297,16.469688415527344,26206249,60594610,1044585647.0546532,1.044585647054653,,,,,,,,27.767122,6.496795,1.3741257,1.3656269,,,,-44.91290809625822,,Technology,Software - Infrastructure,United States,3700,2016-Q2
VRNT,VERINT SYSTEMS INC,2016-05-01 00:00:00-04:00,2016,2,5,16.805908203125,17.3204288482666,17.585329055786133,16.13856315612793,22009940,60594610,1018347453.2641602,1.01834745326416,,,,,,,,27.767122,6.496795,1.3741257,1.3656269,,,,-48.98716981411724,,Technology,Software - Infrastructure,United States,3700,2016-Q2
VRNT,VERINT SYSTEMS INC,2016-06-01 00:00:00-04:00,2016,2,6,16.877229690551758,16.754966735839844,18.914926528930664,16.011207580566406,36480589,60594610,1022669150.9794044,1.0226691509794044,,,,,,,,27.767122,6.496795,1.3741257,1.3656269,,,,-45.46501667938539,,Technology,Software - Infrastructure,United States,3700,2016-Q2
VRNT,VERINT SYSTEMS INC,2016-07-01 00:00:00-04:00,2016,3,7,17.967397689819336,16.780437469482422,18.079469680786133,16.057056427001953,13162113,60594610,1088727455.7295036,1.0887274557295037,,,,,,,,27.767122,6.496795,1.3741257,1.3656269,,,,-39.41944062818475,,Technology,Software - Infrastructure,United States,3700,2016-Q3
VRNT,VERINT SYSTEMS INC,2016-08-01 00:00:00-04:00,2016,3,8,17.381559371948242,17.95720863342285,18.8792667388916,17.11156463623047,17094197,60594610,1053228811.3350487,1.0532288113350488,,,,,,,,27.767122,6.496795,1.3741257,1.3656269,,,,-36.02099939713474,,Technology,Software - Infrastructure,United States,3700,2016-Q3
VRNT,VERINT SYSTEMS INC,2016-09-01 00:00:00-04:00,2016,3,9,19.16963768005371,17.381559371948242,20.213958740234375,17.330615997314453,30351120,60594610,1161576719.0641594,1.1615767190641595,,,,,,,,27.767122,6.496795,1.3741257,1.3656269,,,,-12.792587343329176,,Technology,Software - Infrastructure,United States,3700,2016-Q3
VRNT,VERINT SYSTEMS INC,2016-10-01 00:00:00-04:00,2016,4,10,18.339277267456055,19.093225479125977,19.33774757385254,17.763626098632812,11897940,60594610,1111261353.7033653,1.1112613537033653,,,,,,,,27.767122,6.496795,1.3741257,1.3656269,,,,-24.337955547049916,,Technology,Software - Infrastructure,United States,3700,2016-Q4
VRNT,VERINT SYSTEMS INC,2016-11-01 00:00:00-04:00,2016,4,11,19.128883361816406,18.313804626464844,19.842077255249023,17.98267936706543,15784287,60594610,1159107227.044754,1.159107227044754,,,,,,,,27.767122,6.496795,1.3741257,1.3656269,,,,-19.850593018297225,,Technology,Software - Infrastructure,United States,3700,2016-Q4
VRNT,VERINT SYSTEMS INC,2016-12-01 00:00:00-05:00,2016,4,12,17.95720863342285,19.28171157836914,19.842077255249023,17.014772415161133,30381940,60594610,1088110053.8308907,1.0881100538308905,,,,,,,,27.767122,6.496795,1.3741257,1.3656269,,,,-13.091717867609908,,Technology,Software - Infrastructure,United States,3700,2016-Q4
VRNT,VERINT SYSTEMS INC,2017-01-01 00:00:00-05:00,2017,1,1,19.02699851989746,18.135507583618164,19.612836837768555,18.059093475341797,13315423,60594610,1152933554.783764,1.1529335547837638,,,,,,,,27.767122,6.496795,1.3741257,1.3656269,,,,2.0213062324503595,,Technology,Software - Infrastructure,United States,3700,2017-Q1
VRNT,VERINT SYSTEMS INC,2017-02-01 00:00:00-05:00,2017,1,2,19.23076820373535,19.103412628173828,20.12226104736328,18.288333892822266,15100180,60594610,1165280899.3057442,1.1652808993057442,,,,,,,,27.767122,6.496795,1.3741257,1.3656269,,,,6.248231604231735,,Technology,Software - Infrastructure,United States,3700,2017-Q1
VRNT,VERINT SYSTEMS INC,2017-03-01 00:00:00-05:00,2017,1,3,22.098827362060547,19.434539794921875,22.771268844604492,18.950586318969727,23958416,60594610,1339069825.4613876,1.3390698254613875,,,,,,,,27.767122,6.496795,1.3741257,1.3656269,,,,29.958049644992315,,Technology,Software - Infrastructure,United States,3700,2017-Q1
VRNT,VERINT SYSTEMS INC,2017-04-01 00:00:00-04:00,2017,2,4,20.020376205444336,21.981660842895508,22.032602310180664,19.5618953704834,19367941,60594610,1213126888.2221794,1.2131268882221795,,,,,,,,27.767122,6.496795,1.3741257,1.3656269,,,,16.134746025158453,,Technology,Software - Infrastructure,United States,3700,2017-Q2
VRNT,VERINT SYSTEMS INC,2017-05-01 00:00:00-04:00,2017,2,5,20.937341690063477,20.096790313720703,21.192052841186523,19.74019432067871,13934945,60594610,1268690054.1461372,1.2686900541461372,,,,,,,,27.767122,6.496795,1.3741257,1.3656269,,,,24.583220597207898,,Technology,Software - Infrastructure,United States,3700,2017-Q2
VRNT,VERINT SYSTEMS INC,2017-06-01 00:00:00-04:00,2017,2,6,20.733570098876953,21.01375389099121,22.542028427124023,20.351503372192383,22399990,60594610,1256342594.0491104,1.2563425940491104,,,,,,,,27.767122,6.496795,1.3741257,1.3656269,,,,22.849368522157754,,Technology,Software - Infrastructure,United States,3700,2017-Q2
VRNT,VERINT SYSTEMS INC,2017-07-01 00:00:00-04:00,2017,3,7,20.19867515563965,20.86092758178711,21.166582107543945,19.638309478759766,14307327,60594610,1223930843.5726738,1.223930843572674,,,,,,,,27.767122,6.496795,1.3741257,1.3656269,,,,12.418478759918571,,Technology,Software - Infrastructure,United States,3700,2017-Q3
VRNT,VERINT SYSTEMS INC,2017-08-01 00:00:00-04:00,2017,3,8,20.22414779663086,20.300559997558594,20.300559997558594,18.87417221069336,18450434,60594610,1225474348.3192062,1.2254743483192063,,,,,,,,27.767122,6.496795,1.3741257,1.3656269,,,,16.354047205167422,,Technology,Software - Infrastructure,United States,3700,2017-Q3
VRNT,VERINT SYSTEMS INC,2017-09-01 00:00:00-04:00,2017,3,9,21.319408416748047,20.275089263916016,21.879776000976562,19.76566505432129,21634617,60594610,1291841238.4435654,1.2918412384435654,,,,,,,,27.767122,6.496795,1.3741257,1.3656269,,,,11.214456801816365,,Technology,Software - Infrastructure,United States,3700,2017-Q3
VRNT,VERINT SYSTEMS INC,2017-10-01 00:00:00-04:00,2017,4,10,21.49770736694336,21.47223663330078,22.465614318847656,21.064697265625,12626603,60594610,1302645193.7940598,1.3026451937940597,,,,,,,,27.767122,6.496795,1.3741257,1.3656269,,,,17.22221684870915,,Technology,Software - Infrastructure,United States,3700,2017-Q4
VRNT,VERINT SYSTEMS INC,2017-11-01 00:00:00-04:00,2017,4,11,22.287315368652344,21.676006317138672,22.694854736328125,20.708099365234375,14793757,60594610,1350491182.710495,1.350491182710495,,,,,,,,27.767122,6.496795,1.3741257,1.3656269,,,,16.511324509095783,,Technology,Software - Infrastructure,United States,3700,2017-Q4
VRNT,VERINT SYSTEMS INC,2017-12-01 00:00:00-05:00,2017,4,12,21.319408416748047,22.1854305267334,22.5674991607666,19.53642463684082,22018972,60594610,1291841238.4435654,1.2918412384435654,,,,,,,,27.767122,6.496795,1.3741257,1.3656269,,,,18.7233987863086,,Technology,Software - Infrastructure,United States,3700,2017-Q4
VRNT,VERINT SYSTEMS INC,2018-01-01 00:00:00-05:00,2018,1,1,21.26846694946289,21.370351791381836,22.261844635009766,21.090167999267578,10573112,60594610,1288754460.1005936,1.2887544601005936,,,,,,,,27.767122,6.496795,1.3741257,1.3656269,,,,11.780462521303182,,Technology,Software - Infrastructure,United States,3700,2018-Q1
VRNT,VERINT SYSTEMS INC,2018-02-01 00:00:00-05:00,2018,1,2,19.816606521606445,21.192052841186523,21.26846694946289,18.950586318969727,11573456,60594610,1200779543.7001991,1.2007795437001991,,,,,,,,27.767122,6.496795,1.3741257,1.3656269,,,,3.0463594156228346,,Technology,Software - Infrastructure,United States,3700,2018-Q1
VRNT,VERINT SYSTEMS INC,2018-03-01 00:00:00-05:00,2018,1,3,21.70147705078125,19.791135787963867,21.90524673461914,18.899642944335938,17928471,60594610,1314992538.31604,1.3149925383160401,,,,,,,,27.767122,6.496795,1.3741257,1.3656269,,,,-1.798060615476238,,Technology,Software - Infrastructure,United States,3700,2018-Q1
VRNT,VERINT SYSTEMS INC,2018-04-01 00:00:00-04:00,2018,2,4,21.446765899658203,21.625064849853516,21.803361892700195,19.842077255249023,11809212,60594610,1299558415.451088,1.299558415451088,,,,,,,,27.767122,6.496795,1.3741257,1.3656269,,,,7.124689763951464,,Technology,Software - Infrastructure,United States,3700,2018-Q2
VRNT,VERINT SYSTEMS INC,2018-05-01 00:00:00-04:00,2018,2,5,21.49770736694336,21.370351791381836,22.465614318847656,20.60621452331543,11751695,60594610,1302645193.7940598,1.3026451937940597,,,,,,,,27.767122,6.496795,1.3741257,1.3656269,,,,2.676393618516637,,Technology,Software - Infrastructure,United States,3700,2018-Q2
VRNT,VERINT SYSTEMS INC,2018-06-01 00:00:00-04:00,2018,2,6,22.59296989440918,21.523178100585938,23.662761688232422,21.49770736694336,19389143,60594610,1369012199.4934654,1.3690121994934654,,,,,,,,27.767122,6.496795,1.3741257,1.3656269,,,,8.968063805050841,,Technology,Software - Infrastructure,United States,3700,2018-Q2
VRNT,VERINT SYSTEMS INC,2018-07-01 00:00:00-04:00,2018,3,7,22.873153686523438,22.36372947692871,25.01273536682129,22.007131576538086,13832085,60594610,1385989827.10495,1.38598982710495,,,,,,,,27.767122,6.496795,1.3741257,1.3656269,,,,13.240861146960171,,Technology,Software - Infrastructure,United States,3700,2018-Q3
VRNT,VERINT SYSTEMS INC,2018-08-01 00:00:00-04:00,2018,3,8,24.73255157470703,22.949567794799805,25.44574546813965,22.720325469970703,9684657,60594610,1498659316.9742584,1.4986593169742584,,,,,,,,27.767122,6.496795,1.3741257,1.3656269,,,,22.292181719653104,,Technology,Software - Infrastructure,United States,3700,2018-Q3
VRNT,VERINT SYSTEMS INC,2018-09-01 00:00:00-04:00,2018,3,9,25.522159576416016,24.681610107421875,26.71930694580078,23.382577896118164,21715690,60594610,1546505305.8906937,1.5465053058906937,,,,,,,,27.767122,6.496795,1.3741257,1.3656269,,,,19.713263508598967,,Technology,Software - Infrastructure,United States,3700,2018-Q3
VRNT,VERINT SYSTEMS INC,2018-10-01 00:00:00-04:00,2018,4,10,23.265409469604492,25.639328002929688,25.669893264770508,21.78298568725586,15371666,60594610,1409758413.300991,1.409758413300991,,,,,,,,27.767122,6.496795,1.3741257,1.3656269,,,,8.222747070133153,,Technology,Software - Infrastructure,United States,3700,2018-Q4
VRNT,VERINT SYSTEMS INC,2018-11-01 00:00:00-04:00,2018,4,11,23.14314842224121,23.387672424316406,24.421802520751953,21.365257263183594,11418377,60594610,1402350052.8178215,1.4023500528178214,,,,,,,,27.767122,6.496795,1.3741257,1.3656269,,,,3.8400006435616696,,Technology,Software - Infrastructure,United States,3700,2018-Q4
VRNT,VERINT SYSTEMS INC,2018-12-01 00:00:00-05:00,2018,4,12,21.553743362426758,23.443708419799805,24.391237258911133,20.356597900390625,18939415,60594610,1306040673.086338,1.306040673086338,,,,,,,,27.767122,6.496795,1.3741257,1.3656269,,,,1.0991625147282358,,Technology,Software - Infrastructure,United States,3700,2018-Q4
VRNT,VERINT SYSTEMS INC,2019-01-01 00:00:00-05:00,2019,1,1,24.64085578918457,21.202241897583008,24.6968936920166,20.69791030883789,15244855,60594610,1493103046.6118813,1.4931030466118813,,,,,,,,27.767122,6.496795,1.3741257,1.3656269,,,,15.856285494083755,,Technology,Software - Infrastructure,United States,3700,2019-Q1
VRNT,VERINT SYSTEMS INC,2019-02-01 00:00:00-05:00,2019,1,2,27.126846313476562,24.72236442565918,27.620988845825195,24.635761260986328,14347372,60594610,1643740672.89505,1.64374067289505,,,,,,,,27.767122,6.496795,1.3741257,1.3656269,,,,36.889463308965716,,Technology,Software - Infrastructure,United States,3700,2019-Q1
VRNT,VERINT SYSTEMS INC,2019-03-01 00:00:00-05:00,2019,1,3,30.494142532348633,27.32552146911621,31.375446319580078,25.44574546813965,21203935,60594610,1847780674.0320778,1.8477806740320777,,,,,,,,27.767122,6.496795,1.3741257,1.3656269,,,,40.51643794103337,,Technology,Software - Infrastructure,United States,3700,2019-Q1
VRNT,VERINT SYSTEMS INC,2019-04-01 00:00:00-04:00,2019,2,4,30.764137268066406,30.7794189453125,32.572593688964844,29.96943473815918,29587120,60594610,1864140899.7449493,1.8641408997449493,,,,,,,,27.767122,6.496795,1.3741257,1.3656269,,,,43.44417900582713,,Technology,Software - Infrastructure,United States,3700,2019-Q2
VRNT,VERINT SYSTEMS INC,2019-05-01 00:00:00-04:00,2019,2,5,28.909832000732422,30.850738525390625,32.01222610473633,27.794193267822266,32610730,60594610,1751779995.2499008,1.751779995249901,,,,,,,,27.767122,6.496795,1.3741257,1.3656269,,,,34.47867489901064,,Technology,Software - Infrastructure,United States,3700,2019-Q2
VRNT,VERINT SYSTEMS INC,2019-06-01 00:00:00-04:00,2019,2,6,27.396841049194336,28.63983726501465,29.546611785888672,26.88741683959961,26815560,60594610,1660100898.6079216,1.6601008986079215,,,,,,,,27.767122,6.496795,1.3741257,1.3656269,,,,21.262681166914298,,Technology,Software - Infrastructure,United States,3700,2019-Q2
VRNT,VERINT SYSTEMS INC,2019-07-01 00:00:00-04:00,2019,3,7,29.48038673400879,27.712684631347656,30.37697410583496,27.34589958190918,17247310,60594610,1786352536.7964363,1.7863525367964364,,,,,,,,27.767122,6.496795,1.3741257,1.3656269,,,,28.88641040950224,,Technology,Software - Infrastructure,United States,3700,2019-Q3
VRNT,VERINT SYSTEMS INC,2019-08-01 00:00:00-04:00,2019,3,8,27.14722442626953,29.434539794921875,29.780948638916016,26.37289810180664,16165699,60594610,1644975476.692276,1.644975476692276,,,,,,,,27.767122,6.496795,1.3741257,1.3656269,,,,9.76313682908434,,Technology,Software - Infrastructure,United States,3700,2019-Q3
VRNT,VERINT SYSTEMS INC,2019-09-01 00:00:00-04:00,2019,3,9,21.793174743652344,27.024961471557617,27.519102096557617,21.574121475219727,35141431,60594610,1320548924.2534637,1.3205489242534638,,,,,,,,27.767122,6.496795,1.3741257,1.3656269,,,,-14.61077312677519,,Technology,Software - Infrastructure,United States,3700,2019-Q3
VRNT,VERINT SYSTEMS INC,2019-10-01 00:00:00-04:00,2019,4,10,23.122770309448242,21.82373809814453,23.148242950439453,21.518085479736328,18174045,60594610,1401115249.0205956,1.4011152490205956,,,,,,,,27.767122,6.496795,1.3741257,1.3656269,,,,-0.6130954210911366,,Technology,Software - Infrastructure,United States,3700,2019-Q4
VRNT,VERINT SYSTEMS INC,2019-11-01 00:00:00-04:00,2019,4,11,24.763118743896484,23.245033264160156,24.966886520385742,23.127866744995117,15928373,60594610,1500511522.6700974,1.5005115226700974,,,,,,,,27.767122,6.496795,1.3741257,1.3656269,,,,6.999783659938141,,Technology,Software - Infrastructure,United States,3700,2019-Q4
VRNT,VERINT SYSTEMS INC,2019-12-01 00:00:00-05:00,2019,4,12,28.201732635498047,24.707080841064453,28.318899154663086,24.06011199951172,28409715,60594610,1708872990.3722763,1.7088729903722764,,,,,,,,27.767122,6.496795,1.3741257,1.3656269,,,,30.843780411064458,,Technology,Software - Infrastructure,United States,3700,2019-Q4
VRNT,VERINT SYSTEMS INC,2020-01-01 00:00:00-05:00,2020,1,1,29.546611785888672,28.278146743774414,30.137544631958008,28.278146743774414,18097487,60594610,1790365417.9873276,1.7903654179873276,,,,,,,,27.767122,6.496795,1.3741257,1.3656269,,,,19.90903253797438,,Technology,Software - Infrastructure,United States,3700,2020-Q1
VRNT,VERINT SYSTEMS INC,2020-02-01 00:00:00-05:00,2020,1,2,27.95720863342285,29.68415641784668,30.478858947753906,26.143657684326172,11614679,60594610,1694056153.8308907,1.6940561538308907,,,,,,,,27.767122,6.496795,1.3741257,1.3656269,,,,3.061035220794417,,Technology,Software - Infrastructure,United States,3700,2020-Q1
VRNT,VERINT SYSTEMS INC,2020-03-01 00:00:00-05:00,2020,1,3,21.90524673461914,28.120223999023438,28.120223999023438,16.525726318359375,27968432,60594610,1327339882.8380203,1.3273398828380203,,,,,,,,27.767122,6.496795,1.3741257,1.3656269,,,,-28.1657232651099,,Technology,Software - Infrastructure,United States,3700,2020-Q1
VRNT,VERINT SYSTEMS INC,2020-04-01 00:00:00-04:00,2020,2,4,21.772796630859375,19.358125686645508,23.153337478637695,17.86041831970215,24238535,60594610,1319314120.4562378,1.3193141204562377,,,,,,,,27.767122,6.496795,1.3741257,1.3656269,,,,-29.226695222622624,,Technology,Software - Infrastructure,United States,3700,2020-Q2
VRNT,VERINT SYSTEMS INC,2020-05-01 00:00:00-04:00,2020,2,5,23.622007369995117,21.202241897583008,24.34539031982422,20.40753936767578,17946139,60594610,1431366324.0019798,1.4313663240019798,,,,,,,,27.767122,6.496795,1.3741257,1.3656269,,,,-18.29074838831073,,Technology,Software - Infrastructure,United States,3700,2020-Q2
VRNT,VERINT SYSTEMS INC,2020-06-01 00:00:00-04:00,2020,2,6,23.015792846679688,23.474273681640625,25.62404441833496,20.57564926147461,30437490,60594610,1394632991.3853455,1.3946329913853455,,,,,,,,27.767122,6.496795,1.3741257,1.3656269,,,,-15.991070629814397,,Technology,Software - Infrastructure,United States,3700,2020-Q2
VRNT,VERINT SYSTEMS INC,2020-07-01 00:00:00-04:00,2020,3,7,22.868059158325195,22.985227584838867,23.34182357788086,21.054508209228516,20893781,60594610,1385681126.1556435,1.3856811261556434,,,,,,,,27.767122,6.496795,1.3741257,1.3656269,,,,-22.42958220102169,,Technology,Software - Infrastructure,United States,3700,2020-Q3
VRNT,VERINT SYSTEMS INC,2020-08-01 00:00:00-04:00,2020,3,8,24.228221893310547,22.873153686523438,24.4116153717041,21.9001522064209,16801711,60594610,1468099656.6186142,1.4680996566186142,,,,,,,,27.767122,6.496795,1.3741257,1.3656269,,,,-10.752489783575648,,Technology,Software - Infrastructure,United States,3700,2020-Q3
VRNT,VERINT SYSTEMS INC,2020-09-01 00:00:00-04:00,2020,3,9,24.544065475463867,24.111055374145508,27.682119369506836,23.265409469604492,30692880,60594610,1487238075.3001976,1.4872380753001977,,,,,,,,27.767122,6.496795,1.3741257,1.3656269,,,,12.622716810054357,,Technology,Software - Infrastructure,United States,3700,2020-Q3
VRNT,VERINT SYSTEMS INC,2020-10-01 00:00:00-04:00,2020,4,10,24.717269897460938,24.707080841064453,27.615894317626953,23.98369789123535,15105677,60594610,1497733329.7013855,1.4977333297013855,,,,,,,,27.767122,6.496795,1.3741257,1.3656269,,,,6.8957982398898165,,Technology,Software - Infrastructure,United States,3700,2020-Q4
VRNT,VERINT SYSTEMS INC,2020-11-01 00:00:00-04:00,2020,4,11,29.01681137084961,24.788589477539062,31.130922317504883,24.5236873626709,13004482,60594610,1758262368.4601974,1.7582623684601975,,,,,,,,27.767122,6.496795,1.3741257,1.3656269,,,,17.17753192134395,,Technology,Software - Infrastructure,United States,3700,2020-Q4
VRNT,VERINT SYSTEMS INC,2020-12-01 00:00:00-05:00,2020,4,12,34.22312927246094,29.266429901123047,34.43199157714844,28.166072845458984,20851965,60594610,2073737171.2443542,2.073737171244354,,,,,,,,27.767122,6.496795,1.3741257,1.3656269,,,,21.35115850784164,,Technology,Software - Infrastructure,United States,3700,2020-Q4
VRNT,VERINT SYSTEMS INC,2021-01-01 00:00:00-05:00,2021,1,1,37.610801696777344,34.38614273071289,38.99134063720703,33.041263580322266,27492992,60594610,2279011860.6035614,2.2790118606035614,,,,,,,,27.767122,6.496795,1.3741257,1.3656269,,,,27.29311221647448,,Technology,Software - Infrastructure,United States,3700,2021-Q1
VRNT,VERINT SYSTEMS INC,2021-02-01 00:00:00-05:00,2021,1,2,49.290000915527344,38.00815200805664,52.70000076293945,37.78400421142578,25434592,60594610,2986708382.3760223,2.9867083823760225,,,,,,,,27.767122,6.496795,1.3741257,1.3656269,,,,76.30515822170148,,Technology,Software - Infrastructure,United States,3700,2021-Q1
VRNT,VERINT SYSTEMS INC,2021-03-01 00:00:00-05:00,2021,1,3,45.4900016784668,49.939998626708984,50.65999984741211,43.939998626708984,21172200,60594610,2756448910.606041,2.756448910606041,,,,,,,,27.767122,6.496795,1.3741257,1.3656269,,,,107.667150384452,,Technology,Software - Infrastructure,United States,3700,2021-Q1
VRNT,VERINT SYSTEMS INC,2021-04-01 00:00:00-04:00,2021,2,4,48.56999969482422,44.0099983215332,49.33000183105469,44.0099983215332,30069000,60594610,2943080189.2079926,2.9430801892079925,,,,,,,,27.767122,6.496795,1.3741257,1.3656269,,,,123.07653223557047,,Technology,Software - Infrastructure,United States,3700,2021-Q2
VRNT,VERINT SYSTEMS INC,2021-05-01 00:00:00-04:00,2021,2,5,46.11000061035156,48.9900016784668,49.2599983215332,43.779998779296875,23175400,60594610,2794017504.084015,2.7940175040840147,,,,,,,,27.767122,6.496795,1.3741257,1.3656269,,,,95.19933208098519,,Technology,Software - Infrastructure,United States,3700,2021-Q2
VRNT,VERINT SYSTEMS INC,2021-06-01 00:00:00-04:00,2021,2,6,45.06999969482422,46.279998779296875,47.880001068115234,44.540000915527344,16303500,60594610,2730999054.2079926,2.7309990542079925,,,,,,,,27.767122,6.496795,1.3741257,1.3656269,,,,95.82206007439854,,Technology,Software - Infrastructure,United States,3700,2021-Q2
VRNT,VERINT SYSTEMS INC,2021-07-01 00:00:00-04:00,2021,3,7,42.66999816894531,45.380001068115234,45.380001068115234,41.459999084472656,12817800,60594610,2585571897.7479553,2.5855718977479554,,,,,,,,27.767122,6.496795,1.3741257,1.3656269,,,,86.59212779503045,,Technology,Software - Infrastructure,United States,3700,2021-Q3
VRNT,VERINT SYSTEMS INC,2021-08-01 00:00:00-04:00,2021,3,8,44.63999938964844,42.689998626708984,45.13999938964844,41.7400016784668,10965600,60594610,2704943353.415985,2.704943353415985,,,,,,,,27.767122,6.496795,1.3741257,1.3656269,,,,84.24793856611335,,Technology,Software - Infrastructure,United States,3700,2021-Q3
VRNT,VERINT SYSTEMS INC,2021-09-01 00:00:00-04:00,2021,3,9,44.790000915527344,45.41999816894531,46.0,42.79999923706055,16235400,60594610,2714032637.3760223,2.714032637376022,,,,,,,,27.767122,6.496795,1.3741257,1.3656269,,,,82.48810882737772,,Technology,Software - Infrastructure,United States,3700,2021-Q3
VRNT,VERINT SYSTEMS INC,2021-10-01 00:00:00-04:00,2021,4,10,46.599998474121094,45.06999969482422,47.13999938964844,44.5,9336100,60594610,2823708733.539963,2.823708733539963,,,,,,,,27.767122,6.496795,1.3741257,1.3656269,,,,88.53214237430018,,Technology,Software - Infrastructure,United States,3700,2021-Q4
VRNT,VERINT SYSTEMS INC,2021-11-01 00:00:00-04:00,2021,4,11,47.59000015258789,46.66999816894531,48.93000030517578,46.4900016784668,10758100,60594610,2883697499.1460037,2.883697499146004,,,,,,,,27.767122,6.496795,1.3741257,1.3656269,,,,64.00837274765819,,Technology,Software - Infrastructure,United States,3700,2021-Q4
VRNT,VERINT SYSTEMS INC,2021-12-01 00:00:00-05:00,2021,4,12,52.5099983215332,47.88999938964844,53.16999816894531,46.72999954223633,12392600,60594610,3181822869.393959,3.181822869393959,,,,,,,,27.767122,6.496795,1.3741257,1.3656269,,,,53.434240052932715,,Technology,Software - Infrastructure,United States,3700,2021-Q4
VRNT,VERINT SYSTEMS INC,2022-01-01 00:00:00-05:00,2022,1,1,51.33000183105469,52.5099983215332,54.7400016784668,49.439998626708984,10317200,60594610,3110321442.2520447,3.1103214422520447,,,,,,,,27.767122,6.496795,1.3741257,1.3656269,,,,36.476755387675944,,Technology,Software - Infrastructure,United States,3700,2022-Q1
VRNT,VERINT SYSTEMS INC,2022-02-01 00:00:00-05:00,2022,1,2,50.22999954223633,51.43000030517578,54.29999923706055,48.47999954223633,9989800,60594610,3043667232.561989,3.043667232561989,,,,,,,,27.767122,6.496795,1.3741257,1.3656269,,,,1.9070777221529056,,Technology,Software - Infrastructure,United States,3700,2022-Q1
VRNT,VERINT SYSTEMS INC,2022-03-01 00:00:00-05:00,2022,1,3,51.70000076293945,50.279998779296875,52.18000030517578,47.5099983215332,8825800,60594610,3132741383.2300186,3.1327413832300186,,,,,,,,27.767122,6.496795,1.3741257,1.3656269,,,,13.651349429191661,,Technology,Software - Infrastructure,United States,3700,2022-Q1
VRNT,VERINT SYSTEMS INC,2022-04-01 00:00:00-04:00,2022,2,4,54.560001373291016,51.79999923706055,56.38999938964844,49.560001373291016,10711600,60594610,3306042004.8140335,3.3060420048140333,,,,,,,,27.767122,6.496795,1.3741257,1.3656269,,,,12.332719201365606,,Technology,Software - Infrastructure,United States,3700,2022-Q2
VRNT,VERINT SYSTEMS INC,2022-05-01 00:00:00-04:00,2022,2,5,51.040000915527344,54.33000183105469,55.45000076293945,47.66999816894531,9906800,60594610,3092748949.8760223,3.0927489498760226,,,,,,,,27.767122,6.496795,1.3741257,1.3656269,,,,10.691824419687833,,Technology,Software - Infrastructure,United States,3700,2022-Q2
VRNT,VERINT SYSTEMS INC,2022-06-01 00:00:00-04:00,2022,2,6,42.349998474121094,51.290000915527344,52.779998779296875,39.83000183105469,16029700,60594610,2566181641.039963,2.5661816410399627,,,,,,,,27.767122,6.496795,1.3741257,1.3656269,,,,-6.035059327980175,,Technology,Software - Infrastructure,United States,3700,2022-Q2
VRNT,VERINT SYSTEMS INC,2022-07-01 00:00:00-04:00,2022,3,7,45.66999816894531,42.099998474121094,45.810001373291016,40.54999923706055,6340800,60594610,2767355727.7479553,2.7673557277479555,,,,,,,,27.767122,6.496795,1.3741257,1.3656269,,,,7.030701028207131,,Technology,Software - Infrastructure,United States,3700,2022-Q3
VRNT,VERINT SYSTEMS INC,2022-08-01 00:00:00-04:00,2022,3,8,48.4900016784668,45.189998626708984,51.0099983215332,44.16999816894531,6264500,60594610,2938232740.606041,2.938232740606041,,,,,,,,27.767122,6.496795,1.3741257,1.3656269,,,,8.62455721652886,,Technology,Software - Infrastructure,United States,3700,2022-Q3
VRNT,VERINT SYSTEMS INC,2022-09-01 00:00:00-04:00,2022,3,9,33.58000183105469,48.16999816894531,48.29999923706055,33.47999954223633,13080300,60594610,2034767114.7520447,2.0347671147520447,,,,,,,,27.767122,6.496795,1.3741257,1.3656269,,,,-25.027905459556454,,Technology,Software - Infrastructure,United States,3700,2022-Q3
VRNT,VERINT SYSTEMS INC,2022-10-01 00:00:00-04:00,2022,4,10,35.43000030517578,34.04999923706055,36.40999984741211,31.6299991607666,10429900,60594610,2146867050.7920074,2.1468670507920073,,,,,,,,27.767122,6.496795,1.3741257,1.3656269,,,,-23.969953937119705,,Technology,Software - Infrastructure,United States,3700,2022-Q4
VRNT,VERINT SYSTEMS INC,2022-11-01 00:00:00-04:00,2022,4,11,39.33000183105469,35.869998931884766,40.15999984741211,32.810001373291016,7783700,60594610,2383186122.2520447,2.3831861222520447,,,,,,,,27.767122,6.496795,1.3741257,1.3656269,,,,-17.35658393580407,,Technology,Software - Infrastructure,United States,3700,2022-Q4
VRNT,VERINT SYSTEMS INC,2022-12-01 00:00:00-05:00,2022,4,12,36.279998779296875,39.529998779296875,40.40999984741211,34.470001220703125,10002500,60594610,2198372376.83197,2.19837237683197,,,,,,,,27.767122,6.496795,1.3741257,1.3656269,,,,-30.908398516517877,,Technology,Software - Infrastructure,United States,3700,2022-Q4
VRNT,VERINT SYSTEMS INC,2023-01-01 00:00:00-05:00,2023,1,1,37.970001220703125,36.75,38.400001525878906,35.279998779296875,8128700,60594610,2300777415.66803,2.30077741566803,,,,,,,,27.767122,6.496795,1.3741257,1.3656269,,,,-26.027664394644056,,Technology,Software - Infrastructure,United States,3700,2023-Q1
VRNT,VERINT SYSTEMS INC,2023-02-01 00:00:00-05:00,2023,1,2,37.380001068115234,37.95000076293945,40.709999084472656,36.65999984741211,6970100,60594610,2265026586.522026,2.2650265865220263,,,,,,,,27.767122,6.496795,1.3741257,1.3656269,,,,-25.582318517275837,,Technology,Software - Infrastructure,United States,3700,2023-Q1
VRNT,VERINT SYSTEMS INC,2023-03-01 00:00:00-05:00,2023,1,3,37.2400016784668,37.27000045776367,38.97999954223633,34.47999954223633,11000100,60594610,2256543378.106041,2.256543378106041,,,,,,,,27.767122,6.496795,1.3741257,1.3656269,,,,-27.969050040784794,,Technology,Software - Infrastructure,United States,3700,2023-Q1
VRNT,VERINT SYSTEMS INC,2023-04-01 00:00:00-04:00,2023,2,4,36.4900016784668,37.220001220703125,39.16999816894531,35.650001525878906,7512700,60594610,2211097420.606041,2.2110974206060408,,,,,,,,27.767122,6.496795,1.3741257,1.3656269,,,,-33.11950007330847,,Technology,Software - Infrastructure,United States,3700,2023-Q2
VRNT,VERINT SYSTEMS INC,2023-05-01 00:00:00-04:00,2023,2,5,35.880001068115234,36.5099983215332,36.70000076293945,33.11000061035156,8087000,60594610,2174134671.522026,2.174134671522026,,,,,,,,27.767122,6.496795,1.3741257,1.3656269,,,,-29.702193525627752,,Technology,Software - Infrastructure,United States,3700,2023-Q2
VRNT,VERINT SYSTEMS INC,2023-06-01 00:00:00-04:00,2023,2,6,35.060001373291016,35.61000061035156,38.380001068115234,34.0099983215332,12128200,60594610,2124447109.8140335,2.1244471098140334,,,,,,,,27.767122,6.496795,1.3741257,1.3656269,,,,-17.2136891699885,,Technology,Software - Infrastructure,United States,3700,2023-Q2
VRNT,VERINT SYSTEMS INC,2023-07-01 00:00:00-04:00,2023,3,7,37.369998931884766,35.040000915527344,40.279998779296875,33.2599983215332,7867400,60594610,2264420510.977974,2.264420510977974,,,,,,,,27.767122,6.496795,1.3741257,1.3656269,,,,-18.173854981024242,,Technology,Software - Infrastructure,United States,3700,2023-Q3
VRNT,VERINT SYSTEMS INC,2023-08-01 00:00:00-04:00,2023,3,8,32.38999938964844,37.099998474121094,37.40999984741211,31.639999389648438,7573700,60594610,1962659380.915985,1.9626593809159851,,,,,,,,27.767122,6.496795,1.3741257,1.3656269,,,,-33.202725781649065,,Technology,Software - Infrastructure,United States,3700,2023-Q3
VRNT,VERINT SYSTEMS INC,2023-09-01 00:00:00-04:00,2023,3,9,22.989999771118164,32.56999969482422,33.2400016784668,22.850000381469727,22000200,60594610,1393070070.0309944,1.3930700700309944,,,,,,,,27.767122,6.496795,1.3741257,1.3656269,,,,-31.536633360582258,,Technology,Software - Infrastructure,United States,3700,2023-Q3
VRNT,VERINT SYSTEMS INC,2023-10-01 00:00:00-04:00,2023,4,10,18.809999465942383,22.899999618530273,23.09000015258789,18.40999984741211,13026600,60594610,1139784581.738987,1.139784581738987,,,,,,,,27.767122,6.496795,1.3741257,1.3656269,,,,-46.909400779218934,,Technology,Software - Infrastructure,United States,3700,2023-Q4
VRNT,VERINT SYSTEMS INC,2023-11-01 00:00:00-04:00,2023,4,11,24.56999969482422,18.729999542236328,25.600000381469727,18.450000762939453,11359800,60594610,1488809549.2079926,1.4888095492079925,,,,,,,,27.767122,6.496795,1.3741257,1.3656269,,,,-37.5286078033591,,Technology,Software - Infrastructure,United States,3700,2023-Q4
VRNT,VERINT SYSTEMS INC,2023-12-01 00:00:00-05:00,2023,4,12,27.030000686645508,24.670000076293945,29.700000762939453,23.93000030517578,17262300,60594610,1637872349.9070168,1.6378723499070167,,,,,,,,27.767122,6.496795,1.3741257,1.3656269,,,,-25.49613672514748,,Technology,Software - Infrastructure,United States,3700,2023-Q4
VRNT,VERINT SYSTEMS INC,2024-01-01 00:00:00-05:00,2024,1,1,29.690000534057617,26.84000015258789,31.299999237060547,25.18000030517578,11584400,60594610,1799054003.261013,1.799054003261013,,,,,,,,27.767122,6.496795,1.3741257,1.3656269,,,,-21.806690599027,0.415,Technology,Software - Infrastructure,United States,3700,2024-Q1
VRNT,VERINT SYSTEMS INC,2024-02-01 00:00:00-05:00,2024,1,2,31.610000610351562,29.790000915527344,32.7400016784668,28.420000076293945,9082100,60594610,1915395659.084015,1.9153956590840149,,,,,,,,27.767122,6.496795,1.3741257,1.3656269,,,,-15.43606284881951,0.415,Technology,Software - Infrastructure,United States,3700,2024-Q1
VRNT,VERINT SYSTEMS INC,2024-03-01 00:00:00-05:00,2024,1,3,33.150001525878906,31.610000610351562,36.47999954223633,30.190000534057617,11924400,60594610,2008711413.9600372,2.0087114139600373,,,,,,,,27.767122,6.496795,1.3741257,1.3656269,,,,-10.98281409303169,0.415,Technology,Software - Infrastructure,United States,3700,2024-Q1
VRNT,VERINT SYSTEMS INC,2024-04-01 00:00:00-04:00,2024,2,4,30.280000686645508,33.08000183105469,33.34000015258789,28.520000457763672,12817900,60594610,1834804832.4070168,1.8348048324070168,,,,,,,,27.767122,6.496795,1.3741257,1.3656269,,,,-17.01836313010061,,Technology,Software - Infrastructure,United States,3700,2024-Q2
VRNT,VERINT SYSTEMS INC,2024-05-01 00:00:00-04:00,2024,2,5,29.65999984741211,30.270000457763672,33.2400016784668,28.8799991607666,9795300,60594610,1797236123.3539963,1.7972361233539962,,,,,,,,27.767122,6.496795,1.3741257,1.3656269,,,,-17.335565873855362,,Technology,Software - Infrastructure,United States,3700,2024-Q2
VRNT,VERINT SYSTEMS INC,2024-06-01 00:00:00-04:00,2024,2,6,32.20000076293945,30.049999237060547,38.16999816894531,27.899999618530273,21479500,60594610,1951146488.2300186,1.9511464882300187,,,,,,,,27.767122,6.496795,1.3741257,1.3656269,,,,-8.157445802413266,,Technology,Software - Infrastructure,United States,3700,2024-Q2
VRNT,VERINT SYSTEMS INC,2024-07-01 00:00:00-04:00,2024,3,7,36.13999938964844,32.41999816894531,37.310001373291016,30.010000228881836,15055800,60594610,2189889168.415985,2.189889168415985,210170000.0,210.17,145426000.0,5531000.0,13870000.0,24135000.0,2.604902184441149,27.767122,6.496795,1.3741257,1.3656269,,,,-3.291409091229247,,Technology,Software - Infrastructure,United States,3700,2024-Q3
VRNT,VERINT SYSTEMS INC,2024-08-01 00:00:00-04:00,2024,3,8,31.549999237060547,36.09000015258789,36.54999923706055,30.34000015258789,11709400,60594610,1911759899.2699814,1.9117598992699814,210170000.0,210.17,145426000.0,5531000.0,13870000.0,24135000.0,2.2740637332516314,27.767122,6.496795,1.3741257,1.3656269,,0.0,,-2.593393542502964,,Technology,Software - Infrastructure,United States,3700,2024-Q3
VRNT,VERINT SYSTEMS INC,2024-09-01 00:00:00-04:00,2024,3,9,25.329999923706055,31.18000030517578,31.469999313354492,24.65999984741211,21226200,60594610,1534861466.6769981,1.5348614666769982,210170000.0,210.17,145426000.0,5531000.0,13870000.0,24135000.0,1.8257380533342034,27.767122,6.496795,1.3741257,1.3656269,,0.0,,10.178339173050288,,Technology,Software - Infrastructure,United States,3700,2024-Q3
VRNT,VERINT SYSTEMS INC,2024-10-01 00:00:00-04:00,2024,4,10,21.299999237060547,25.489999771118164,25.579999923706055,21.290000915527344,16544600,60594610,1290665146.7699814,1.2906651467699815,224193000.0,224.193,158627000.0,28716000.0,21772000.0,32728000.0,1.4392344394896155,27.767122,6.496795,1.3741257,1.3656269,,6.672217728505503,,13.237638712465616,,Technology,Software - Infrastructure,United States,3700,2024-Q4
VRNT,VERINT SYSTEMS INC,2024-11-01 00:00:00-04:00,2024,4,11,25.200000762939453,21.459999084472656,26.1299991607666,21.280000686645508,13174500,60594610,1526984218.2300186,1.5269842182300186,224193000.0,224.193,158627000.0,28716000.0,21772000.0,32728000.0,1.7027563508115984,27.767122,6.496795,1.3741257,1.3656269,,0.0,6.672217728505503,2.5641069431838304,,Technology,Software - Infrastructure,United States,3700,2024-Q4
VRNT,VERINT SYSTEMS INC,2024-12-01 00:00:00-05:00,2024,4,12,27.450000762939453,24.899999618530273,34.79999923706055,23.829999923706055,25437200,60594610,1663322090.7300186,1.6633220907300186,224193000.0,224.193,158627000.0,28716000.0,21772000.0,32728000.0,1.854788163245528,27.767122,6.496795,1.3741257,1.3656269,,0.0,6.672217728505503,1.553829321585809,,Technology,Software - Infrastructure,United States,3700,2024-Q4
VRNT,VERINT SYSTEMS INC,2025-01-01 00:00:00-05:00,2025,1,1,25.3799991607666,27.899999618530273,28.020000457763672,24.190000534057617,13166400,60594610,1537891150.9469795,1.5378911509469795,253546000.0,253.546,186481000.0,32779000.0,46318000.0,61454000.0,1.5163827776290886,27.767122,6.496795,1.3741257,1.3656269,,13.09273706137124,20.63853071323214,-14.516676644538896,,Technology,Software - Infrastructure,United States,3700,2025-Q1
VRNT,VERINT SYSTEMS INC,2025-02-01 00:00:00-05:00,2025,1,2,22.56999969482422,24.690000534057617,26.889999389648438,22.170000076293945,8836600,60594610,1367620329.2079926,1.3676203292079925,253546000.0,253.546,186481000.0,32779000.0,46318000.0,61454000.0,1.3484933002374249,27.767122,6.496795,1.3741257,1.3656269,,0.0,13.09273706137124,-28.59854710843298,,Technology,Software - Infrastructure,United States,3700,2025-Q1
VRNT,VERINT SYSTEMS INC,2025-03-01 00:00:00-05:00,2025,1,3,17.850000381469727,22.6200008392334,22.8700008392334,17.270000457763672,20528600,60594610,1081613811.6150093,1.0816138116150094,253546000.0,253.546,186481000.0,32779000.0,46318000.0,61454000.0,1.066486763363462,27.767122,6.496795,1.3741257,1.3656269,,0.0,13.09273706137124,-46.15384748162098,,Technology,Software - Infrastructure,United States,3700,2025-Q1
VRNT,VERINT SYSTEMS INC,2025-04-01 00:00:00-04:00,2025,2,4,17.639999389648438,17.68000030517578,18.5,14.149999618530273,21094700,60594610,1068888883.4159851,1.068888883415985,208097000.0,208.097,138902000.0,1622000.0,5072000.0,20004000.0,1.2841233696497127,27.767122,6.496795,1.3741257,1.3656269,,-17.925346879856118,-7.179528352803166,-41.743728567918204,,Technology,Software - Infrastructure,United States,3700,2025-Q2
VRNT,VERINT SYSTEMS INC,2025-05-01 00:00:00-04:00,2025,2,5,17.540000915527344,18.1299991607666,19.209999084472656,16.350000381469727,13276600,60594610,1062829514.8760223,1.0628295148760223,208097000.0,208.097,138902000.0,1622000.0,5072000.0,20004000.0,1.2768438695368294,27.767122,6.496795,1.3741257,1.3656269,,0.0,-17.925346879856118,-40.863111915835894,,Technology,Software - Infrastructure,United States,3700,2025-Q2
VRNT,VERINT SYSTEMS INC,2025-06-01 00:00:00-04:00,2025,2,6,19.670000076293945,17.329999923706055,22.040000915527344,16.229999542236328,36396700,60594610,1191895983.3230019,1.1918959833230018,208097000.0,208.097,138902000.0,1622000.0,5072000.0,20004000.0,1.4318995268108163,27.767122,6.496795,1.3741257,1.3656269,,0.0,-17.925346879856118,-38.913044688703536,,Technology,Software - Infrastructure,United States,3700,2025-Q2
VRNT,VERINT SYSTEMS INC,2025-07-01 00:00:00-04:00,2025,3,7,21.280000686645508,19.989999771118164,22.84000015258789,18.5,44580600,60594610,1289453342.4070168,1.2894533424070167,208007000.0,208.007,140551000.0,-1688000.0,3349000.0,16711000.0,1.5497715730804933,27.767122,6.496795,1.3741257,1.3656269,,-0.04324906173562848,-17.960843397253356,-41.11787203643195,,Technology,Software - Infrastructure,United States,3700,2025-Q3
VRNT,VERINT SYSTEMS INC,2025-08-01 00:00:00-04:00,2025,3,8,20.389999389648438,20.850000381469727,21.8799991607666,18.399999618530273,50316900,60594610,1235524060.915985,1.2355240609159852,208007000.0,208.007,140551000.0,-1688000.0,3349000.0,16711000.0,1.4849549064646683,27.767122,6.496795,1.3741257,1.3656269,,0.0,-0.04324906173562848,-35.37242509439713,,Technology,Software - Infrastructure,United States,3700,2025-Q3
VRNT,VERINT SYSTEMS INC,2025-09-01 00:00:00-04:00,2025,3,9,20.25,20.34000015258789,20.420000076293945,20.229999542236328,43181800,60594610,1227040852.5,1.2270408525,208007000.0,208.007,140551000.0,-1688000.0,3349000.0,16711000.0,1.4747590856317336,27.767122,6.496795,1.3741257,1.3656269,,0.0,-0.04324906173562848,-20.055270189526297,,Technology,Software - Infrastructure,United States,3700,2025-Q3
VRNT,VERINT SYSTEMS INC,2025-10-01 00:00:00-04:00,2025,4,10,20.270000457763672,20.25,20.299999237060547,20.229999542236328,31229263,60594610,1228252772.4380112,1.2282527724380112,,,,,,,,27.767122,6.496795,1.3741257,1.3656269,,0.0,-0.04324906173562848,-4.835675193380984,,Technology,Software - Infrastructure,United States,3700,2025-Q4
