ticker,company_name,date,year,quarter,month,close_price,open_price,high_price,low_price,volume,shares_outstanding,market_cap,market_cap_billions,revenue,revenue_millions,gross_profit,net_income,operating_income,ebitda,ps_ratio,current_pe,forward_pe,current_ps,current_pb,peg_ratio,revenue_qoq_pct,revenue_yoy_pct,market_cap_yoy_pct,sector,industry,country,employees,year_quarter
VRSK,VERISK ANALYTICS INC,2015-01-01 00:00:00-05:00,2015,1,1,61.63011932373047,61.37153461939857,62.57827298217837,59.64761223410859,13821500,139714971,8610650334.041542,8.610650334041543,,,,,,,,37.866253,33.399178,11.390525,109.13492,,,,,Industrials,Consulting Services,United States,7800,2015-Q1
VRSK,VERISK ANALYTICS INC,2015-02-01 00:00:00-05:00,2015,1,2,68.7748031616211,61.68758493392733,71.5905404694718,61.09378785405623,16544800,139714971,9608869629.2566,9.6088696292566,,,,,,,,37.866253,33.399178,11.390525,109.13492,,,,,Industrials,Consulting Services,United States,7800,2015-Q1
VRSK,VERISK ANALYTICS INC,2015-03-01 00:00:00-05:00,2015,1,3,68.38214111328125,68.77480786350296,69.22494356533325,65.60471381169351,22163000,139714971,9554008862.559998,9.554008862559998,,,,,,,,37.866253,33.399178,11.390525,109.13492,,,,,Industrials,Consulting Services,United States,7800,2015-Q1
VRSK,VERISK ANALYTICS INC,2015-04-01 00:00:00-04:00,2015,2,4,71.86830139160156,68.39173244868533,74.78938331568311,67.98947894478029,17807100,139714971,10041077644.746872,10.041077644746872,,,,,,,,37.866253,33.399178,11.390525,109.13492,,,,,Industrials,Consulting Services,United States,7800,2015-Q2
VRSK,VERISK ANALYTICS INC,2015-05-01 00:00:00-04:00,2015,2,5,69.51226806640625,72.29926750420047,73.55390279627154,67.23285868035369,35552800,139714971,9711904517.042175,9.711904517042175,,,,,,,,37.866253,33.399178,11.390525,109.13492,,,,,Industrials,Consulting Services,United States,7800,2015-Q2
VRSK,VERISK ANALYTICS INC,2015-06-01 00:00:00-04:00,2015,2,6,69.6846694946289,69.48354639998891,72.50040012651333,69.26326454952162,19713600,139714971,9735991577.586662,9.735991577586661,,,,,,,,37.866253,33.399178,11.390525,109.13492,,,,,Industrials,Consulting Services,United States,7800,2015-Q2
VRSK,VERISK ANALYTICS INC,2015-07-01 00:00:00-04:00,2015,3,7,74.80855560302734,70.02946803762129,76.50374048659343,68.84187337421618,19242200,139714971,10451875176.628853,10.451875176628853,,,,,,,,37.866253,33.399178,11.390525,109.13492,,,,,Industrials,Consulting Services,United States,7800,2015-Q3
VRSK,VERISK ANALYTICS INC,2015-08-01 00:00:00-04:00,2015,3,8,69.99113464355469,74.28177471351007,75.16289469286251,65.95907928794914,17017700,139714971,9778809346.981339,9.778809346981339,,,,,,,,37.866253,33.399178,11.390525,109.13492,,,,,Industrials,Consulting Services,United States,7800,2015-Q3
VRSK,VERISK ANALYTICS INC,2015-09-01 00:00:00-04:00,2015,3,9,70.78604888916016,68.56410133485974,72.28968939311494,68.01819382213534,14872000,139714971,9889870767.753593,9.889870767753594,,,,,,,,37.866253,33.399178,11.390525,109.13492,,,,,Industrials,Consulting Services,United States,7800,2015-Q3
VRSK,VERISK ANALYTICS INC,2015-10-01 00:00:00-04:00,2015,4,10,68.58328247070312,74.71277707650033,78.53413091278071,66.74443628104153,73975100,139714971,9582111321.479095,9.582111321479095,,,,,,,,37.866253,33.399178,11.390525,109.13492,,,,,Industrials,Consulting Services,United States,7800,2015-Q4
VRSK,VERISK ANALYTICS INC,2015-11-01 00:00:00-04:00,2015,4,11,71.7820816040039,68.4874852281869,72.3375684680793,65.26950193502793,27139500,139714971,10029031449.62304,10.029031449623039,,,,,,,,37.866253,33.399178,11.390525,109.13492,,,,,Industrials,Consulting Services,United States,7800,2015-Q4
VRSK,VERISK ANALYTICS INC,2015-12-01 00:00:00-05:00,2015,4,12,73.6305160522461,72.13645479596275,75.69922299810624,70.7190066322893,24574500,139714971,10287285414.954597,10.287285414954598,,,,,,,,37.866253,33.399178,11.390525,109.13492,,,,,Industrials,Consulting Services,United States,7800,2015-Q4
VRSK,VERISK ANALYTICS INC,2016-01-01 00:00:00-05:00,2016,1,1,69.91452026367188,72.17477109236643,72.3854735554196,66.17935950052924,23814500,139714971,9768105171.117828,9.768105171117828,,,,,,,,37.866253,33.399178,11.390525,109.13492,,,,13.442130294158815,Industrials,Consulting Services,United States,7800,2016-Q1
VRSK,VERISK ANALYTICS INC,2016-02-01 00:00:00-05:00,2016,1,2,69.76126861572266,69.27283004388521,71.3989984852768,62.05152230533336,30744600,139714971,9746693621.568901,9.746693621568902,,,,,,,,37.866253,33.399178,11.390525,109.13492,,,,1.4343413703175045,Industrials,Consulting Services,United States,7800,2016-Q1
VRSK,VERISK ANALYTICS INC,2016-03-01 00:00:00-05:00,2016,1,3,76.5420150756836,70.13478665364616,77.04004029808145,69.62718205587692,15898000,139714971,10694065416.580696,10.694065416580695,,,,,,,,37.866253,33.399178,11.390525,109.13492,,,,11.932755876837442,Industrials,Consulting Services,United States,7800,2016-Q1
VRSK,VERISK ANALYTICS INC,2016-04-01 00:00:00-04:00,2016,2,4,74.30091857910156,76.27384597355483,78.14142216666137,73.51557790983087,11808000,139714971,10380950684.552536,10.380950684552536,,,,,,,,37.866253,33.399178,11.390525,109.13492,,,,3.3848263287105773,Industrials,Consulting Services,United States,7800,2016-Q2
VRSK,VERISK ANALYTICS INC,2016-05-01 00:00:00-04:00,2016,2,5,76.03443145751953,74.39670870679092,76.25471328913832,72.55786287863148,13150800,139714971,10623148386.088829,10.623148386088829,,,,,,,,37.866253,33.399178,11.390525,109.13492,,,,9.382751523633992,Industrials,Consulting Services,United States,7800,2016-Q2
VRSK,VERISK ANALYTICS INC,2016-06-01 00:00:00-04:00,2016,2,6,77.65299224853516,75.71836752518767,77.6625643174095,72.51954285968282,15810100,139714971,10849285560.067314,10.849285560067313,,,,,,,,37.866253,33.399178,11.390525,109.13492,,,,11.434828939700182,Industrials,Consulting Services,United States,7800,2016-Q2
VRSK,VERISK ANALYTICS INC,2016-07-01 00:00:00-04:00,2016,3,7,81.67549133300781,77.65301455937902,82.36506045006986,77.17414792885535,10047100,139714971,11411288903.001938,11.411288903001937,,,,,,,,37.866253,33.399178,11.390525,109.13492,,,,9.179345429979913,Industrials,Consulting Services,United States,7800,2016-Q3
VRSK,VERISK ANALYTICS INC,2016-08-01 00:00:00-04:00,2016,3,8,79.53973388671875,81.55097185970244,81.83828739474389,74.96176370305507,15333900,139714971,11112891613.330627,11.112891613330627,,,,,,,,37.866253,33.399178,11.390525,109.13492,,,,13.642583866931734,Industrials,Consulting Services,United States,7800,2016-Q3
VRSK,VERISK ANALYTICS INC,2016-09-01 00:00:00-04:00,2016,3,9,77.84455108642578,79.75043805363306,80.66028895160105,76.76231523206671,16089100,139714971,10876049197.547997,10.876049197547996,,,,,,,,37.866253,33.399178,11.390525,109.13492,,,,9.971600771669188,Industrials,Consulting Services,United States,7800,2016-Q3
VRSK,VERISK ANALYTICS INC,2016-10-01 00:00:00-04:00,2016,4,10,78.1031494140625,77.50935216892087,79.09918556337938,75.27783194407913,15173600,139714971,10912179255.39441,10.91217925539441,,,,,,,,37.866253,33.399178,11.390525,109.13492,,,,13.880739737742932,Industrials,Consulting Services,United States,7800,2016-Q4
VRSK,VERISK ANALYTICS INC,2016-11-01 00:00:00-04:00,2016,4,11,79.5684814453125,78.22765341233013,81.26366611007079,77.26034076831017,23098300,139714971,11116908077.645874,11.116908077645874,,,,,,,,37.866253,33.399178,11.390525,109.13492,,,,10.847275068259199,Industrials,Consulting Services,United States,7800,2016-Q4
VRSK,VERISK ANALYTICS INC,2016-12-01 00:00:00-05:00,2016,4,12,77.73918914794922,79.71212418019425,80.40168583157623,77.48060444204638,15762800,139714971,10861328557.36924,10.861328557369239,,,,,,,,37.866253,33.399178,11.390525,109.13492,,,,5.5801226393520365,Industrials,Consulting Services,United States,7800,2016-Q4
VRSK,VERISK ANALYTICS INC,2017-01-01 00:00:00-05:00,2017,1,1,79.14705657958984,78.1414339808483,79.51099249849703,76.81018566101977,10221100,139714971,11058028714.752754,11.058028714752755,,,,,,,,37.866253,33.399178,11.390525,109.13492,,,,13.205463301612985,Industrials,Consulting Services,United States,7800,2017-Q1
VRSK,VERISK ANALYTICS INC,2017-02-01 00:00:00-05:00,2017,1,2,79.41521453857422,79.1374711059699,83.70586137384704,77.87326390300137,13594200,139714971,11095494396.215675,11.095494396215676,,,,,,,,37.866253,33.399178,11.390525,109.13492,,,,13.83854696798874,Industrials,Consulting Services,United States,7800,2017-Q1
VRSK,VERISK ANALYTICS INC,2017-03-01 00:00:00-05:00,2017,1,3,77.7104721069336,80.01861265131042,80.91887690037348,75.7471161028531,21614400,139714971,10857316356.816536,10.857316356816536,,,,,,,,37.866253,33.399178,11.390525,109.13492,,,,1.526556401859347,Industrials,Consulting Services,United States,7800,2017-Q1
VRSK,VERISK ANALYTICS INC,2017-04-01 00:00:00-04:00,2017,2,4,79.30989837646484,77.63386497167446,80.15270842216336,75.36404155133368,13355400,139714971,11080780151.680733,11.080780151680733,,,,,,,,37.866253,33.399178,11.390525,109.13492,,,,6.7414776198637005,Industrials,Consulting Services,United States,7800,2017-Q2
VRSK,VERISK ANALYTICS INC,2017-05-01 00:00:00-04:00,2017,2,5,77.47102355957031,79.49184082040185,79.87493549055948,72.40461499671635,26217200,139714971,10823861809.965683,10.823861809965683,,,,,,,,37.866253,33.399178,11.390525,109.13492,,,,1.889396783157915,Industrials,Consulting Services,United States,7800,2017-Q2
VRSK,VERISK ANALYTICS INC,2017-06-01 00:00:00-04:00,2017,2,6,80.8039321899414,77.62425906586924,81.100827068313,76.48455450914334,19829500,139714971,11289519042.60363,11.28951904260363,,,,,,,,37.866253,33.399178,11.390525,109.13492,,,,4.057718640540453,Industrials,Consulting Services,United States,7800,2017-Q2
VRSK,VERISK ANALYTICS INC,2017-07-01 00:00:00-04:00,2017,3,7,83.57179260253906,81.28281107122916,84.28051305272562,79.43438589040949,13996200,139714971,11676230579.88176,11.676230579881759,,,,,,,,37.866253,33.399178,11.390525,109.13492,,,,2.321750672793188,Industrials,Consulting Services,United States,7800,2017-Q3
VRSK,VERISK ANALYTICS INC,2017-08-01 00:00:00-04:00,2017,3,8,77.6242904663086,81.86704947318,84.44334720024014,75.63220335680982,19223700,139714971,10845275491.395882,10.845275491395881,,,,,,,,37.866253,33.399178,11.390525,109.13492,,,,-2.4081592014604247,Industrials,Consulting Services,United States,7800,2017-Q3
VRSK,VERISK ANALYTICS INC,2017-09-01 00:00:00-04:00,2017,3,9,79.67382049560547,77.94031858177316,80.29634117732094,76.92512381400448,14613200,139714971,11131625520.002724,11.131625520002723,,,,,,,,37.866253,33.399178,11.390525,109.13492,,,,2.3499003894938975,Industrials,Consulting Services,United States,7800,2017-Q3
VRSK,VERISK ANALYTICS INC,2017-10-01 00:00:00-04:00,2017,4,10,81.45518493652344,79.87492421208559,81.80954142817198,79.50140897082672,13519100,139714971,11380508801.206009,11.380508801206009,,,,,,,,37.866253,33.399178,11.390525,109.13492,,,,4.2918058331939735,Industrials,Consulting Services,United States,7800,2017-Q4
VRSK,VERISK ANALYTICS INC,2017-11-01 00:00:00-04:00,2017,4,11,92.3446273803711,82.36504983952318,92.82349394920553,82.36504983952318,21255200,139714971,12901926936.454353,12.901926936454354,,,,,,,,37.866253,33.399178,11.390525,109.13492,,,,16.05679246730334,Industrials,Consulting Services,United States,7800,2017-Q4
VRSK,VERISK ANALYTICS INC,2017-12-01 00:00:00-05:00,2017,4,12,91.9423828125,93.90573870157823,94.43248755228706,89.7683317672927,17325400,139714971,12845727348.319336,12.845727348319336,,,,,,,,37.866253,33.399178,11.390525,109.13492,,,,18.270313622026578,Industrials,Consulting Services,United States,7800,2017-Q4
VRSK,VERISK ANALYTICS INC,2018-01-01 00:00:00-05:00,2018,1,1,95.82118225097656,92.40207599451081,96.29046933917945,91.23364065468446,17555700,139714971,13387653699.380905,13.387653699380905,,,,,,,,37.866253,33.399178,11.390525,109.13492,,,,21.067271976967717,Industrials,Consulting Services,United States,7800,2018-Q1
VRSK,VERISK ANALYTICS INC,2018-02-01 00:00:00-05:00,2018,1,2,97.8707504272461,95.03586125276537,99.47016299307434,86.77061970376015,22608500,139714971,13674009057.690926,13.674009057690926,,,,,,,,37.866253,33.399178,11.390525,109.13492,,,,23.239294883107696,Industrials,Consulting Services,United States,7800,2018-Q1
VRSK,VERISK ANALYTICS INC,2018-03-01 00:00:00-05:00,2018,1,3,99.60424041748047,97.68877425560585,101.58674760274377,95.10289785984452,16872100,139714971,13916203561.405312,13.916203561405311,,,,,,,,37.866253,33.399178,11.390525,109.13492,,,,28.173510875625517,Industrials,Consulting Services,United States,7800,2018-Q1
VRSK,VERISK ANALYTICS INC,2018-04-01 00:00:00-04:00,2018,2,4,101.95068359375,98.94340230266396,103.99065973359286,96.0797824351747,16615400,139714971,14244036801.730957,14.244036801730957,,,,,,,,37.866253,33.399178,11.390525,109.13492,,,,28.54723771024752,Industrials,Consulting Services,United States,7800,2018-Q2
VRSK,VERISK ANALYTICS INC,2018-05-01 00:00:00-04:00,2018,2,5,101.74958038330078,101.96986225006769,104.70897998209558,91.18578360253571,23059300,139714971,14215939672.515038,14.215939672515038,,,,,,,,37.866253,33.399178,11.390525,109.13492,,,,31.338887377758475,Industrials,Consulting Services,United States,7800,2018-Q2
VRSK,VERISK ANALYTICS INC,2018-06-01 00:00:00-04:00,2018,2,6,103.09039306640625,102.31463157280028,105.65711813557445,100.97380373542755,16588900,139714971,14403271277.65155,14.40327127765155,,,,,,,,37.866253,33.399178,11.390525,109.13492,,,,27.580911315153923,Industrials,Consulting Services,United States,7800,2018-Q2
VRSK,VERISK ANALYTICS INC,2018-07-01 00:00:00-04:00,2018,3,7,105.94444274902344,102.46786676875672,110.23508313130093,102.04646915518197,14314500,139714971,14802024746.29097,14.80202474629097,,,,,,,,37.866253,33.399178,11.390525,109.13492,,,,26.770575872276623,Industrials,Consulting Services,United States,7800,2018-Q3
VRSK,VERISK ANALYTICS INC,2018-08-01 00:00:00-04:00,2018,3,8,114.05642700195312,107.86947228981823,114.50656271081534,106.46161082457203,14234500,139714971,15935390390.941498,15.935390390941498,,,,,,,,37.866253,33.399178,11.390525,109.13492,,,,46.93393822576355,Industrials,Consulting Services,United States,7800,2018-Q3
VRSK,VERISK ANALYTICS INC,2018-09-01 00:00:00-04:00,2018,3,9,115.45471954345703,113.91276878255057,117.60961885823552,113.50094328789376,14940900,139714971,16130752792.827232,16.13075279282723,,,,,,,,37.866253,33.399178,11.390525,109.13492,,,,44.90922968834552,Industrials,Consulting Services,United States,7800,2018-Q3
VRSK,VERISK ANALYTICS INC,2018-10-01 00:00:00-04:00,2018,4,10,114.77472686767578,116.38371870726579,116.80512359358708,106.80638806849751,20646600,139714971,16035747635.850243,16.035747635850242,,,,,,,,37.866253,33.399178,11.390525,109.13492,,,,40.9053664995269,Industrials,Consulting Services,United States,7800,2018-Q4
VRSK,VERISK ANALYTICS INC,2018-11-01 00:00:00-04:00,2018,4,11,118.1076431274414,114.42995160774784,119.55382212410797,109.36354273796931,20028800,139714971,16501405934.428825,16.501405934428824,,,,,,,,37.866253,33.399178,11.390525,109.13492,,,,27.898770592198563,Industrials,Consulting Services,United States,7800,2018-Q4
VRSK,VERISK ANALYTICS INC,2018-12-01 00:00:00-05:00,2018,4,12,104.43122100830078,118.27046176582967,120.66479458249029,98.39749938754646,19529200,139714971,14590605014.669334,14.590605014669334,,,,,,,,37.866253,33.399178,11.390525,109.13492,,,,13.583331009888578,Industrials,Consulting Services,United States,7800,2018-Q4
VRSK,VERISK ANALYTICS INC,2019-01-01 00:00:00-05:00,2019,1,1,112.44745635986328,102.52534001385537,113.47223057190637,100.48536366059979,14376000,139714971,15710593104.342064,15.710593104342063,,,,,,,,37.866253,33.399178,11.390525,109.13492,,,,17.351355637982934,Industrials,Consulting Services,United States,7800,2019-Q1
VRSK,VERISK ANALYTICS INC,2019-02-01 00:00:00-05:00,2019,1,2,121.08621978759766,112.54324061981492,121.43100435552836,112.54324061981492,13843000,139714971,16917557686.123833,16.917557686123832,,,,,,,,37.866253,33.399178,11.390525,109.13492,,,,23.720538832088735,Industrials,Consulting Services,United States,7800,2019-Q1
VRSK,VERISK ANALYTICS INC,2019-03-01 00:00:00-05:00,2019,1,3,127.37854766845703,121.40229304183119,127.75206312593825,119.81245202225365,16208000,139714971,17796690093.52059,17.796690093520592,,,,,,,,37.866253,33.399178,11.390525,109.13492,,,,27.88466347874703,Industrials,Consulting Services,United States,7800,2019-Q1
VRSK,VERISK ANALYTICS INC,2019-04-01 00:00:00-04:00,2019,2,4,135.43743896484375,128.26925249204086,135.5909779071337,127.35763881589841,13229400,139714971,18922637857.287415,18.922637857287416,,,,,,,,37.866253,33.399178,11.390525,109.13492,,,,32.846033190449965,Industrials,Consulting Services,United States,7800,2019-Q2
VRSK,VERISK ANALYTICS INC,2019-05-01 00:00:00-04:00,2019,2,5,134.34347534179688,134.88084690039977,138.64246245289686,132.17479308249895,17993500,139714971,18769794761.418365,18.769794761418364,,,,,,,,37.866253,33.399178,11.390525,109.13492,,,,32.033444104350764,Industrials,Consulting Services,United States,7800,2019-Q2
VRSK,VERISK ANALYTICS INC,2019-06-01 00:00:00-04:00,2019,2,6,140.54249572753906,134.77531197028307,141.96269430516713,133.77733815304472,18698800,139714971,19635890714.840744,19.635890714840745,,,,,,,,37.866253,33.399178,11.390525,109.13492,,,,36.32938195997355,Industrials,Consulting Services,United States,7800,2019-Q2
VRSK,VERISK ANALYTICS INC,2019-07-01 00:00:00-04:00,2019,3,7,145.8397216796875,141.80250588045908,147.85833691300041,140.86047761563447,14903900,139714971,20375992485.12561,20.37599248512561,,,,,,,,37.866253,33.399178,11.390525,109.13492,,,,37.65679246166198,Industrials,Consulting Services,United States,7800,2019-Q3
VRSK,VERISK ANALYTICS INC,2019-08-01 00:00:00-04:00,2019,3,8,155.2791290283203,144.67662392236224,155.84627333101167,142.6772374785892,14749100,139714971,21694819009.09703,21.69481900909703,,,,,,,,37.866253,33.399178,11.390525,109.13492,,,,36.14237541007774,Industrials,Consulting Services,United States,7800,2019-Q3
VRSK,VERISK ANALYTICS INC,2019-09-01 00:00:00-04:00,2019,3,9,152.0109100341797,155.58673381734556,158.57619900522351,147.0989595722297,15039300,139714971,21238199887.109024,21.238199887109023,,,,,,,,37.866253,33.399178,11.390525,109.13492,,,,31.662794414361684,Industrials,Consulting Services,United States,7800,2019-Q3
VRSK,VERISK ANALYTICS INC,2019-10-01 00:00:00-04:00,2019,4,10,139.3163604736328,152.4392541402477,153.63312460271027,138.9505085555044,18633600,139714971,19464581263.399155,19.464581263399154,,,,,,,,37.866253,33.399178,11.390525,109.13492,,,,21.3824369490778,Industrials,Consulting Services,United States,7800,2019-Q4
VRSK,VERISK ANALYTICS INC,2019-11-01 00:00:00-04:00,2019,4,11,141.992919921875,139.40300052726167,143.4274889265071,130.36236132176543,20440500,139714971,19838536689.090088,19.838536689090088,,,,,,,,37.866253,33.399178,11.390525,109.13492,,,,20.223311685815904,Industrials,Consulting Services,United States,7800,2019-Q4
VRSK,VERISK ANALYTICS INC,2019-12-01 00:00:00-05:00,2019,4,12,143.78372192382812,142.06994895085907,145.85373883889542,138.82533630390265,15416100,139714971,20088738538.85971,20.08873853885971,,,,,,,,37.866253,33.399178,11.390525,109.13492,,,,37.682697315584754,Industrials,Consulting Services,United States,7800,2019-Q4
VRSK,VERISK ANALYTICS INC,2020-01-01 00:00:00-05:00,2020,1,1,156.69203186035156,143.9711094300046,160.048267456563,143.60461877476135,15096600,139714971,21892222687.300095,21.892222687300094,,,,,,,,37.866253,33.399178,11.390525,109.13492,,,,39.34688870052629,Industrials,Consulting Services,United States,7800,2020-Q1
VRSK,VERISK ANALYTICS INC,2020-02-01 00:00:00-05:00,2020,1,2,149.5937957763672,157.2321336267465,165.62273101962347,143.4214060132742,16414500,139714971,20900492838.675064,20.900492838675063,,,,,,,,37.866253,33.399178,11.390525,109.13492,,,,23.543204205049804,Industrials,Consulting Services,United States,7800,2020-Q1
VRSK,VERISK ANALYTICS INC,2020-03-01 00:00:00-05:00,2020,1,3,134.42320251464844,149.41054353486462,163.81923131930697,112.46297301006568,30932100,139714971,18780933841.061234,18.780933841061234,,,,,,,,37.866253,33.399178,11.390525,109.13492,,,,5.53048764893076,Industrials,Consulting Services,United States,7800,2020-Q1
VRSK,VERISK ANALYTICS INC,2020-04-01 00:00:00-04:00,2020,2,4,147.65769958496094,129.67752653990073,154.57538365942477,128.98189268088325,19854000,139714971,20629991215.43953,20.629991215439528,,,,,,,,37.866253,33.399178,11.390525,109.13492,,,,9.022808400334025,Industrials,Consulting Services,United States,7800,2020-Q2
VRSK,VERISK ANALYTICS INC,2020-05-01 00:00:00-04:00,2020,2,5,166.83592224121094,144.77857902780346,167.46393290535826,144.77857902780346,19297500,139714971,23309476037.68904,23.30947603768904,,,,,,,,37.866253,33.399178,11.390525,109.13492,,,,24.18609970952943,Industrials,Consulting Services,United States,7800,2020-Q2
VRSK,VERISK ANALYTICS INC,2020-06-01 00:00:00-04:00,2020,2,6,164.4398651123047,165.6572319725554,167.88905155984025,153.7831580384025,21387500,139714971,22974710985.40956,22.974710985409562,,,,,,,,37.866253,33.399178,11.390525,109.13492,,,,17.00366089349512,Industrials,Consulting Services,United States,7800,2020-Q2
VRSK,VERISK ANALYTICS INC,2020-07-01 00:00:00-04:00,2020,3,7,182.62652587890625,163.774495758902,182.66522989377066,163.0486736533638,15564800,139714971,25515659767.002136,25.515659767002138,,,,,,,,37.866253,33.399178,11.390525,109.13492,,,,25.22413220179809,Industrials,Consulting Services,United States,7800,2020-Q3
VRSK,VERISK ANALYTICS INC,2020-08-01 00:00:00-04:00,2020,3,8,180.65225219726562,182.76198245414176,186.1975280499165,178.28123665691186,13834300,139714971,25239824176.825653,25.239824176825653,,,,,,,,37.866253,33.399178,11.390525,109.13492,,,,16.34033068559888,Industrials,Consulting Services,United States,7800,2020-Q3
VRSK,VERISK ANALYTICS INC,2020-09-01 00:00:00-04:00,2020,3,9,179.3361053466797,180.3716185340194,187.36853878944174,169.7165416509075,15197200,139714971,25055938757.764297,25.0559387577643,,,,,,,,37.866253,33.399178,11.390525,109.13492,,,,17.975811937679943,Industrials,Consulting Services,United States,7800,2020-Q3
VRSK,VERISK ANALYTICS INC,2020-10-01 00:00:00-04:00,2020,4,10,172.4891357421875,180.01014904031263,189.09159524226675,169.43615085107683,11823500,139714971,24099314598.03479,24.09931459803479,,,,,,,,37.866253,33.399178,11.390525,109.13492,,,,23.811112460717077,Industrials,Consulting Services,United States,7800,2020-Q4
VRSK,VERISK ANALYTICS INC,2020-11-01 00:00:00-04:00,2020,4,11,192.2027130126953,174.95089051105236,200.46032965435205,174.95089051105236,13521400,139714971,26853596474.69005,26.853596474690047,,,,,,,,37.866253,33.399178,11.390525,109.13492,,,,35.36077229656656,Industrials,Consulting Services,United States,7800,2020-Q4
VRSK,VERISK ANALYTICS INC,2020-12-01 00:00:00-05:00,2020,4,12,201.19691467285156,195.8275347598428,204.17237597904327,185.43767393348566,13550100,139714971,28110221098.80693,28.11022109880693,,,,,,,,37.866253,33.399178,11.390525,109.13492,,,,39.93024521888442,Industrials,Consulting Services,United States,7800,2020-Q4
VRSK,VERISK ANALYTICS INC,2021-01-01 00:00:00-05:00,2021,1,1,178.09671020507812,201.48707425389796,203.49611391059355,177.14557115826756,14255100,139714971,24882776701.497894,24.882776701497896,,,,,,,,37.866253,33.399178,11.390525,109.13492,,,,13.660348960056258,Industrials,Consulting Services,United States,7800,2021-Q1
VRSK,VERISK ANALYTICS INC,2021-02-01 00:00:00-05:00,2021,1,2,159.0253143310547,178.87314510079395,187.0646250593089,157.38507533530458,21240300,139714971,22218217180.02919,22.21821718002919,,,,,,,,37.866253,33.399178,11.390525,109.13492,,,,6.304752483710607,Industrials,Consulting Services,United States,7800,2021-Q1
VRSK,VERISK ANALYTICS INC,2021-03-01 00:00:00-05:00,2021,1,3,171.48721313476562,162.1893027089716,175.94205307708026,155.08483930520535,32720300,139714971,23959331009.9946,23.9593310099946,,,,,,,,37.866253,33.399178,11.390525,109.13492,,,,27.57262877744504,Industrials,Consulting Services,United States,7800,2021-Q1
VRSK,VERISK ANALYTICS INC,2021-04-01 00:00:00-04:00,2021,2,4,182.9646453857422,172.047045920862,184.5104111713112,171.8428811782775,17086300,139714971,25562900124.094254,25.562900124094252,,,,,,,,37.866253,33.399178,11.390525,109.13492,,,,23.911347596517274,Industrials,Consulting Services,United States,7800,2021-Q2
VRSK,VERISK ANALYTICS INC,2021-05-01 00:00:00-04:00,2021,2,5,168.0221710205078,183.57707877868773,184.96729153910337,164.32787746107687,19598300,139714971,23475212751.48729,23.47521275148729,,,,,,,,37.866253,33.399178,11.390525,109.13492,,,,0.7110271956789926,Industrials,Consulting Services,United States,7800,2021-Q2
VRSK,VERISK ANALYTICS INC,2021-06-01 00:00:00-04:00,2021,2,6,169.85960388183594,168.68325738643833,171.71647466475756,162.71406177704168,17329100,139714971,23731929630.422195,23.731929630422197,,,,,,,,37.866253,33.399178,11.390525,109.13492,,,,3.295878870874658,Industrials,Consulting Services,United States,7800,2021-Q2
VRSK,VERISK ANALYTICS INC,2021-07-01 00:00:00-04:00,2021,3,7,184.96774291992188,170.9446979728797,185.25014474633264,170.62334980671505,16128600,139714971,25842762837.99234,25.84276283799234,,,,,,,,37.866253,33.399178,11.390525,109.13492,,,,1.281969872529909,Industrials,Consulting Services,United States,7800,2021-Q3
VRSK,VERISK ANALYTICS INC,2021-08-01 00:00:00-04:00,2021,3,8,196.47830200195312,185.01642889058397,197.03338761971855,180.64396319225432,19064100,139714971,27450960266.332123,27.45096026633212,,,,,,,,37.866253,33.399178,11.390525,109.13492,,,,8.760505120858397,Industrials,Consulting Services,United States,7800,2021-Q3
VRSK,VERISK ANALYTICS INC,2021-09-01 00:00:00-04:00,2021,3,9,195.0272979736328,196.62436514703938,204.6194338828055,193.92687457377056,18105700,139714971,27248233280.594467,27.248233280594466,,,,,,,,37.866253,33.399178,11.390525,109.13492,,,,8.749600420183112,Industrials,Consulting Services,United States,7800,2021-Q3
VRSK,VERISK ANALYTICS INC,2021-10-01 00:00:00-04:00,2021,4,10,205.05557250976562,196.58107120417355,210.6337248911581,192.16341069966518,14456900,139714971,28649333366.5903,28.6493333665903,,,,,,,,37.866253,33.399178,11.390525,109.13492,,,,18.880282881267284,Industrials,Consulting Services,United States,7800,2021-Q4
VRSK,VERISK ANALYTICS INC,2021-11-01 00:00:00-04:00,2021,4,11,219.29348754882812,205.0848139019872,225.8273474474505,201.41804789217846,16045900,139714971,30638583253.373383,30.638583253373383,,,,,,,,37.866253,33.399178,11.390525,109.13492,,,,14.094897055039702,Industrials,Consulting Services,United States,7800,2021-Q4
VRSK,VERISK ANALYTICS INC,2021-12-01 00:00:00-05:00,2021,4,12,223.0577850341797,220.48325424527508,225.06669729395645,209.2391846558176,21405000,139714971,31164511967.37465,31.16451196737465,,,,,,,,37.866253,33.399178,11.390525,109.13492,,,,10.865410335379222,Industrials,Consulting Services,United States,7800,2021-Q4
VRSK,VERISK ANALYTICS INC,2022-01-01 00:00:00-05:00,2022,1,1,191.50881958007812,222.2959133304317,222.52048993366884,181.21715311115625,23285800,139714971,26756649173.874847,26.756649173874848,,,,,,,,37.866253,33.399178,11.390525,109.13492,,,,7.530801304277879,Industrials,Consulting Services,United States,7800,2022-Q1
VRSK,VERISK ANALYTICS INC,2022-02-01 00:00:00-05:00,2022,1,2,173.16152954101562,190.91318199408028,199.18361391512715,170.8766679567316,23294100,139714971,24193258078.13864,24.19325807813864,,,,,,,,37.866253,33.399178,11.390525,109.13492,,,,8.88928612996327,Industrials,Consulting Services,United States,7800,2022-Q1
VRSK,VERISK ANALYTICS INC,2022-03-01 00:00:00-05:00,2022,1,3,209.57293701171875,173.13225599647222,212.99047073418924,171.96053312862097,34780500,139714971,29280476816.97711,29.28047681697711,,,,,,,,37.866253,33.399178,11.390525,109.13492,,,,22.20907505623928,Industrials,Consulting Services,United States,7800,2022-Q1
VRSK,VERISK ANALYTICS INC,2022-04-01 00:00:00-04:00,2022,2,4,199.5820770263672,210.84983662285777,217.24662870452119,199.0832345524401,19585300,139714971,27884604103.858658,27.884604103858656,,,,,,,,37.866253,33.399178,11.390525,109.13492,,,,9.082318393037436,Industrials,Consulting Services,United States,7800,2022-Q2
VRSK,VERISK ANALYTICS INC,2022-05-01 00:00:00-04:00,2022,2,5,171.08990478515625,199.1810454535537,201.51871280029468,161.34799987120562,25873200,139714971,23903821085.450867,23.90382108545087,,,,,,,,37.866253,33.399178,11.390525,109.13492,,,,1.825791052464143,Industrials,Consulting Services,United States,7800,2022-Q2
VRSK,VERISK ANALYTICS INC,2022-06-01 00:00:00-04:00,2022,2,6,169.29995727539062,167.83280179970762,172.71354438836354,152.6330776384898,18983700,139714971,23653738621.03244,23.65373862103244,,,,,,,,37.866253,33.399178,11.390525,109.13492,,,,-0.32947598702434133,Industrials,Consulting Services,United States,7800,2022-Q2
VRSK,VERISK ANALYTICS INC,2022-07-01 00:00:00-04:00,2022,3,7,186.44175720214844,169.292055488416,187.13755167972386,167.71428233261847,12979500,139714971,26048704700.68721,26.04870470068721,,,,,,,,37.866253,33.399178,11.390525,109.13492,,,,0.796903427028739,Industrials,Consulting Services,United States,7800,2022-Q3
VRSK,VERISK ANALYTICS INC,2022-08-01 00:00:00-04:00,2022,3,8,183.4136199951172,185.7753825897952,202.84668448099845,182.85502251321375,18597300,139714971,25625628598.622818,25.625628598622818,,,,,,,,37.866253,33.399178,11.390525,109.13492,,,,-6.649427378859407,Industrials,Consulting Services,United States,7800,2022-Q3
VRSK,VERISK ANALYTICS INC,2022-09-01 00:00:00-04:00,2022,3,9,167.116455078125,183.08038225051064,189.19546496414208,166.548063295808,14603400,139714971,23348670674.863037,23.348670674863037,,,,,,,,37.866253,33.399178,11.390525,109.13492,,,,-14.311249340736543,Industrials,Consulting Services,United States,7800,2022-Q3
VRSK,VERISK ANALYTICS INC,2022-10-01 00:00:00-04:00,2022,4,10,179.46896362304688,168.64173379282957,183.42487729738403,160.63173879347335,16820600,139714971,25074501047.99405,25.074501047994048,,,,,,,,37.866253,33.399178,11.390525,109.13492,,,,-12.477890053682984,Industrials,Consulting Services,United States,7800,2022-Q4
VRSK,VERISK ANALYTICS INC,2022-11-01 00:00:00-04:00,2022,4,11,180.33282470703125,180.10704206393982,181.6972714280352,159.94464005324852,24354000,139714971,25195195374.290955,25.195195374290954,,,,,,,,37.866253,33.399178,11.390525,109.13492,,,,-17.766447730519975,Industrials,Consulting Services,United States,7800,2022-Q4
VRSK,VERISK ANALYTICS INC,2022-12-01 00:00:00-05:00,2022,4,12,173.17678833007812,181.91318453014253,185.70220999847183,167.40487827714009,16919100,139714971,24195389959.410004,24.195389959410004,,,,,,,,37.866253,33.399178,11.390525,109.13492,,,,-22.36236529312715,Industrials,Consulting Services,United States,7800,2022-Q4
VRSK,VERISK ANALYTICS INC,2023-01-01 00:00:00-05:00,2023,1,1,178.74810791015625,174.43156622135552,184.28390612509816,173.07466791374856,15727400,139714971,24973786712.97235,24.973786712972352,,,,,,,,37.866253,33.399178,11.390525,109.13492,,,,-6.6632501301518765,Industrials,Consulting Services,United States,7800,2023-Q1
VRSK,VERISK ANALYTICS INC,2023-02-01 00:00:00-05:00,2023,1,2,168.246826171875,178.19748395498686,185.68998910712145,166.89975510930952,20921500,139714971,23506600439.445557,23.506600439445556,,,,,,,,37.866253,33.399178,11.390525,109.13492,,,,-2.838218963627548,Industrials,Consulting Services,United States,7800,2023-Q1
VRSK,VERISK ANALYTICS INC,2023-03-01 00:00:00-05:00,2023,1,3,188.64962768554688,175.74916804716577,190.76364596349788,172.06191639715908,30494200,139714971,26357177261.24698,26.357177261246978,,,,,,,,37.866253,33.399178,11.390525,109.13492,,,,-9.983783986861772,Industrials,Consulting Services,United States,7800,2023-Q1
VRSK,VERISK ANALYTICS INC,2023-04-01 00:00:00-04:00,2023,2,4,191.22125244140625,187.40885065415256,194.60019991070405,184.1776648697454,14394900,139714971,26716471739.434753,26.716471739434752,,,,,,,,37.866253,33.399178,11.390525,109.13492,,,,-4.189166036114744,Industrials,Consulting Services,United States,7800,2023-Q2
VRSK,VERISK ANALYTICS INC,2023-05-01 00:00:00-04:00,2023,2,5,215.84918212890625,190.433137484059,219.6123246635467,185.06424797373904,24306600,139714971,30157362221.513855,30.157362221513853,,,,,,,,37.866253,33.399178,11.390525,109.13492,,,,26.161261472414665,Industrials,Consulting Services,United States,7800,2023-Q2
VRSK,VERISK ANALYTICS INC,2023-06-01 00:00:00-04:00,2023,2,6,222.6662139892578,217.14954733385466,225.03049110916925,213.0219156581678,28293400,139714971,31109803630.18895,31.10980363018895,,,,,,,,37.866253,33.399178,11.390525,109.13492,,,,31.52171894943796,Industrials,Consulting Services,United States,7800,2023-Q2
VRSK,VERISK ANALYTICS INC,2023-07-01 00:00:00-04:00,2023,3,7,225.8865966796875,221.24928426716988,235.63483051544276,217.7367518530913,22078500,139714971,31559739304.391235,31.559739304391236,,,,,,,,37.866253,33.399178,11.390525,109.13492,,,,21.15665506991078,Industrials,Consulting Services,United States,7800,2023-Q3
VRSK,VERISK ANALYTICS INC,2023-08-01 00:00:00-04:00,2023,3,8,238.9894561767578,225.93591200942691,239.65051842276847,222.69965934418835,20013400,139714971,33390404939.04149,33.39040493904149,,,,,,,,37.866253,33.399178,11.390525,109.13492,,,,30.300822906783132,Industrials,Consulting Services,United States,7800,2023-Q3
VRSK,VERISK ANALYTICS INC,2023-09-01 00:00:00-04:00,2023,3,9,233.08924865722656,240.44974545210073,245.93558876116776,232.0927094939526,14832400,139714971,32566057616.5562,32.5660576165562,,,,,,,,37.866253,33.399178,11.390525,109.13492,,,,39.47713799234196,Industrials,Consulting Services,United States,7800,2023-Q3
VRSK,VERISK ANALYTICS INC,2023-10-01 00:00:00-04:00,2023,4,10,224.63868713378906,232.49352911292584,246.01967340849308,219.2341573592451,22295400,139714971,31385387658.375412,31.38538765837541,,,,,,,,37.866253,33.399178,11.390525,109.13492,,,,25.16854312794483,Industrials,Consulting Services,United States,7800,2023-Q4
VRSK,VERISK ANALYTICS INC,2023-11-01 00:00:00-04:00,2023,4,11,238.540283203125,218.89823996553082,240.04209433108088,212.7428119313796,18604500,139714971,33327648750.056396,33.3276487500564,,,,,,,,37.866253,33.399178,11.390525,109.13492,,,,32.27779445625476,Industrials,Consulting Services,United States,7800,2023-Q4
VRSK,VERISK ANALYTICS INC,2023-12-01 00:00:00-05:00,2023,4,12,236.00106811523438,237.73012223960149,245.57509022177203,227.42495181877263,18943400,139714971,32972882387.688995,32.972882387689,,,,,,,,37.866253,33.399178,11.390525,109.13492,,,,36.277540651355665,Industrials,Consulting Services,United States,7800,2023-Q4
VRSK,VERISK ANALYTICS INC,2024-01-01 00:00:00-05:00,2024,1,1,238.96774291992188,235.29710867675138,245.0821906275168,227.0950441680811,16284800,139714971,33387371271.99234,33.38737127199234,,,,,,,,37.866253,33.399178,11.390525,109.13492,,,,33.68966290822708,Industrials,Consulting Services,United States,7800,2024-Q1
VRSK,VERISK ANALYTICS INC,2024-02-01 00:00:00-05:00,2024,1,2,239.3338165283203,239.90766545482808,249.3068854398935,232.40807548669315,17008500,139714971,33438517235.573593,33.43851723557359,,,,,,,,37.866253,33.399178,11.390525,109.13492,,,,42.25160852890346,Industrials,Consulting Services,United States,7800,2024-Q1
VRSK,VERISK ANALYTICS INC,2024-03-01 00:00:00-05:00,2024,1,3,233.229248046875,237.68150968193652,240.9069355506961,228.14377647203693,19880000,139714971,32585617627.220947,32.58561762722095,,,,,,,,37.866253,33.399178,11.390525,109.13492,,,,23.630908212358758,Industrials,Consulting Services,United States,7800,2024-Q1
VRSK,VERISK ANALYTICS INC,2024-04-01 00:00:00-04:00,2024,2,4,216.0043487548828,233.31758432205766,233.31758432205766,215.38990145556747,20292300,139714971,30179041322.16234,30.179041322162337,716800000.0,716.8,497400000.0,307800000.0,318700000.0,499300000.0,10.525614300419342,37.866253,33.399178,11.390525,109.13492,,,,12.960429867004741,Industrials,Consulting Services,United States,7800,2024-Q2
VRSK,VERISK ANALYTICS INC,2024-05-01 00:00:00-04:00,2024,2,5,250.51193237304688,222.98118939840725,251.8597303893969,220.61263425811714,20005200,139714971,35000267366.654205,35.00026736665421,716800000.0,716.8,497400000.0,307800000.0,318700000.0,499300000.0,12.20712450008866,37.866253,33.399178,11.390525,109.13492,,0.0,,16.058782295241624,Industrials,Consulting Services,United States,7800,2024-Q2
VRSK,VERISK ANALYTICS INC,2024-06-01 00:00:00-04:00,2024,2,6,267.1314392089844,250.27406759211752,271.2442273547305,249.3325945313842,13394100,139714971,37322261282.271515,37.32226128227151,716800000.0,716.8,497400000.0,307800000.0,318700000.0,499300000.0,13.016971708381528,37.866253,33.399178,11.390525,109.13492,,0.0,,19.969453121375523,Industrials,Consulting Services,United States,7800,2024-Q2
VRSK,VERISK ANALYTICS INC,2024-07-01 00:00:00-04:00,2024,3,7,259.78778076171875,267.52929563737814,284.9775234330748,258.1699952750459,16505500,139714971,36296242255.27789,36.296242255277896,725300000.0,725.3,501900000.0,220000000.0,311500000.0,393800000.0,12.510768735446675,37.866253,33.399178,11.390525,109.13492,,1.1858258928571397,,15.008054740894572,Industrials,Consulting Services,United States,7800,2024-Q3
VRSK,VERISK ANALYTICS INC,2024-08-01 00:00:00-04:00,2024,3,8,270.7748107910156,259.41063365708123,272.92852641356166,255.65897165731437,14714600,139714971,37831294837.197235,37.831294837197234,725300000.0,725.3,501900000.0,220000000.0,311500000.0,393800000.0,13.03987827009418,37.866253,33.399178,11.390525,109.13492,,0.0,1.1858258928571397,13.29989829791871,Industrials,Consulting Services,United States,7800,2024-Q3
VRSK,VERISK ANALYTICS INC,2024-09-01 00:00:00-04:00,2024,3,9,265.9512634277344,270.79468597402547,274.1493530797176,259.7878243845206,15033300,139714971,37157373057.21927,37.15737305721927,725300000.0,725.3,501900000.0,220000000.0,311500000.0,393800000.0,12.80758756970194,37.866253,33.399178,11.390525,109.13492,,0.0,1.1858258928571397,14.098468702361133,Industrials,Consulting Services,United States,7800,2024-Q3
VRSK,VERISK ANALYTICS INC,2024-10-01 00:00:00-04:00,2024,4,10,273.0558776855469,267.6587773312833,278.3038927352457,259.548203103073,15004900,139714971,38149994032.21573,38.14999403221573,735600000.0,735.6,505100000.0,210300000.0,316300000.0,386000000.0,12.965604279573045,37.866253,33.399178,11.390525,109.13492,,1.4201020267475606,2.6227678571428603,21.553362499364038,Industrials,Consulting Services,United States,7800,2024-Q4
VRSK,VERISK ANALYTICS INC,2024-11-01 00:00:00-04:00,2024,4,11,292.4278564453125,271.7339936750651,294.78349565551525,269.3783241321401,12399400,139714971,40856549482.849,40.856549482849,735600000.0,735.6,505100000.0,210300000.0,316300000.0,386000000.0,13.885450476770323,37.866253,33.399178,11.390525,109.13492,,0.0,1.4201020267475606,22.590554735067727,Industrials,Consulting Services,United States,7800,2024-Q4
VRSK,VERISK ANALYTICS INC,2024-12-01 00:00:00-05:00,2024,4,12,273.7615966796875,293.382043774228,293.6106311539774,271.5848600096273,15176500,139714971,38248593541.016235,38.248593541016234,735600000.0,735.6,505100000.0,210300000.0,316300000.0,386000000.0,12.999114172449781,37.866253,33.399178,11.390525,109.13492,,0.0,1.4201020267475606,16.000151552710527,Industrials,Consulting Services,United States,7800,2024-Q4
VRSK,VERISK ANALYTICS INC,2025-01-01 00:00:00-05:00,2025,1,1,286.0899353027344,274.68376989045316,288.498551877741,264.93974370258513,14739100,139714971,39971047014.21341,39.97104701421341,753000000.0,753.0,522200000.0,232300000.0,330100000.0,415900000.0,13.270599938317865,37.866253,33.399178,11.390525,109.13492,,2.3654159869494373,3.81910933406866,19.719059906174508,Industrials,Consulting Services,United States,7800,2025-Q1
VRSK,VERISK ANALYTICS INC,2025-02-01 00:00:00-05:00,2025,1,2,295.51544189453125,286.139673491937,299.0885763160943,260.76940763666124,14157900,139714971,41287931394.34662,41.28793139434662,753000000.0,753.0,522200000.0,232300000.0,330100000.0,415900000.0,13.707812547923844,37.866253,33.399178,11.390525,109.13492,,0.0,2.3654159869494373,23.47416933434603,Industrials,Consulting Services,United States,7800,2025-Q1
VRSK,VERISK ANALYTICS INC,2025-03-01 00:00:00-05:00,2025,1,3,296.2220764160156,294.241433149618,304.6622568595764,281.9096142994098,19360200,139714971,41386658816.02341,41.386658816023406,753000000.0,753.0,522200000.0,232300000.0,330100000.0,415900000.0,13.740590576368993,37.866253,33.399178,11.390525,109.13492,,0.0,2.3654159869494373,27.008974601881917,Industrials,Consulting Services,United States,7800,2025-Q1
VRSK,VERISK ANALYTICS INC,2025-04-01 00:00:00-04:00,2025,2,4,295.49700927734375,295.8857963941511,305.7147484398095,272.8983778438283,21957000,139714971,41285356081.77081,41.285356081770814,772600000.0,772.6,543100000.0,253300000.0,354300000.0,445700000.0,13.359227310953537,37.866253,33.399178,11.390525,109.13492,,2.602921646746359,5.029907558455693,36.801416721784406,Industrials,Consulting Services,United States,7800,2025-Q2
VRSK,VERISK ANALYTICS INC,2025-05-01 00:00:00-04:00,2025,2,5,313.15130615234375,293.5731054990703,316.8097383427108,290.0741429617983,16796000,139714971,43751925657.68683,43.751925657686826,772600000.0,772.6,543100000.0,253300000.0,354300000.0,445700000.0,14.157366573157788,37.866253,33.399178,11.390525,109.13492,,0.0,2.602921646746359,25.004546963462882,Industrials,Consulting Services,United States,7800,2025-Q2
VRSK,VERISK ANALYTICS INC,2025-06-01 00:00:00-04:00,2025,2,6,310.51959228515625,311.70584934109144,321.9036626333781,301.8669188125343,16982300,139714971,43384235831.05243,43.38423583105243,772600000.0,772.6,543100000.0,253300000.0,354300000.0,445700000.0,14.038388503446942,37.866253,33.399178,11.390525,109.13492,,0.0,2.602921646746359,16.242248836247274,Industrials,Consulting Services,United States,7800,2025-Q2
VRSK,VERISK ANALYTICS INC,2025-07-01 00:00:00-04:00,2025,3,7,278.2316589355469,310.8056629826289,314.25971627086335,269.8959834250493,22699300,139714971,38873128159.46182,38.87312815946182,,,,,,,,37.866253,33.399178,11.390525,109.13492,,0.0,2.602921646746359,7.099594184048685,Industrials,Consulting Services,United States,7800,2025-Q3
VRSK,VERISK ANALYTICS INC,2025-08-01 00:00:00-04:00,2025,3,8,267.6598205566406,280.4478323062515,281.3363194218411,258.5654706801717,22985800,139714971,37396084066.93625,37.39608406693625,,,,,,,,37.866253,33.399178,11.390525,109.13492,,0.0,0.0,-1.150398822281573,Industrials,Consulting Services,United States,7800,2025-Q3
VRSK,VERISK ANALYTICS INC,2025-09-01 00:00:00-04:00,2025,3,9,251.07833862304688,267.8495085456116,273.3600238374106,239.41839182087395,27271000,139714971,35079402799.447174,35.07940279944717,,,,,,,,37.866253,33.399178,11.390525,109.13492,,0.0,0.0,-5.592349745963454,Industrials,Consulting Services,United States,7800,2025-Q3
VRSK,VERISK ANALYTICS INC,2025-10-01 00:00:00-04:00,2025,4,10,243.47999572753906,252.8000030517578,252.8000030517578,241.6649932861328,7154627,139714971,34017800542.153244,34.017800542153246,,,,,,,,37.866253,33.399178,11.390525,109.13492,,0.0,0.0,-10.831439414048294,Industrials,Consulting Services,United States,7800,2025-Q4
