ticker,company_name,date,year,quarter,month,close_price,open_price,high_price,low_price,volume,shares_outstanding,market_cap,market_cap_billions,revenue,revenue_millions,gross_profit,net_income,operating_income,ebitda,ps_ratio,current_pe,forward_pe,current_ps,current_pb,peg_ratio,revenue_qoq_pct,revenue_yoy_pct,market_cap_yoy_pct,sector,industry,country,employees,year_quarter
WDAY,WORKDAY INC-CLASS A,2015-01-01 00:00:00-05:00,2015,1,1,79.45999908447266,81.81999969482422,85.5999984741211,76.36000061035156,28856500,217000000,17242819801.330566,17.242819801330565,,,,,,,,112.384254,29.246986,7.2345414,7.066546,,,,,Technology,Software - Application,United States,19517,2015-Q1
WDAY,WORKDAY INC-CLASS A,2015-02-01 00:00:00-05:00,2015,1,2,85.5,79.6500015258789,95.16999816894531,78.4000015258789,29474400,217000000,18553500000.0,18.5535,,,,,,,,112.384254,29.246986,7.2345414,7.066546,,,,,Technology,Software - Application,United States,19517,2015-Q1
WDAY,WORKDAY INC-CLASS A,2015-03-01 00:00:00-05:00,2015,1,3,84.41000366210938,85.5999984741211,90.61000061035156,80.81999969482422,30459200,217000000,18316970794.677734,18.316970794677733,,,,,,,,112.384254,29.246986,7.2345414,7.066546,,,,,Technology,Software - Application,United States,19517,2015-Q1
WDAY,WORKDAY INC-CLASS A,2015-04-01 00:00:00-04:00,2015,2,4,91.20999908447266,83.58999633789062,92.5,81.38999938964844,31307800,217000000,19792569801.330566,19.792569801330565,,,,,,,,112.384254,29.246986,7.2345414,7.066546,,,,,Technology,Software - Application,United States,19517,2015-Q2
WDAY,WORKDAY INC-CLASS A,2015-05-01 00:00:00-04:00,2015,2,5,78.91999816894531,91.20999908447266,93.62000274658203,78.45999908447266,40142900,217000000,17125639602.661133,17.12563960266113,,,,,,,,112.384254,29.246986,7.2345414,7.066546,,,,,Technology,Software - Application,United States,19517,2015-Q2
WDAY,WORKDAY INC-CLASS A,2015-06-01 00:00:00-04:00,2015,2,6,76.38999938964844,79.08999633789062,81.54000091552734,75.69999694824219,28588500,217000000,16576629867.55371,16.57662986755371,,,,,,,,112.384254,29.246986,7.2345414,7.066546,,,,,Technology,Software - Application,United States,19517,2015-Q2
WDAY,WORKDAY INC-CLASS A,2015-07-01 00:00:00-04:00,2015,3,7,84.33000183105469,76.95999908447266,85.25,74.26000213623047,29211400,217000000,18299610397.338867,18.299610397338867,,,,,,,,112.384254,29.246986,7.2345414,7.066546,,,,,Technology,Software - Application,United States,19517,2015-Q3
WDAY,WORKDAY INC-CLASS A,2015-08-01 00:00:00-04:00,2015,3,8,70.26000213623047,84.2699966430664,84.83999633789062,65.33000183105469,38600100,217000000,15246420463.562012,15.246420463562012,,,,,,,,112.384254,29.246986,7.2345414,7.066546,,,,,Technology,Software - Application,United States,19517,2015-Q3
WDAY,WORKDAY INC-CLASS A,2015-09-01 00:00:00-04:00,2015,3,9,68.86000061035156,68.86000061035156,74.37999725341797,66.36000061035156,32143100,217000000,14942620132.44629,14.942620132446288,,,,,,,,112.384254,29.246986,7.2345414,7.066546,,,,,Technology,Software - Application,United States,19517,2015-Q3
WDAY,WORKDAY INC-CLASS A,2015-10-01 00:00:00-04:00,2015,4,10,78.97000122070312,69.51000213623047,81.1500015258789,69.33000183105469,31084000,217000000,17136490264.892578,17.13649026489258,,,,,,,,112.384254,29.246986,7.2345414,7.066546,,,,,Technology,Software - Application,United States,19517,2015-Q4
WDAY,WORKDAY INC-CLASS A,2015-11-01 00:00:00-04:00,2015,4,11,83.70999908447266,79.4800033569336,85.66999816894531,77.9000015258789,29235600,217000000,18165069801.330566,18.165069801330567,,,,,,,,112.384254,29.246986,7.2345414,7.066546,,,,,Technology,Software - Application,United States,19517,2015-Q4
WDAY,WORKDAY INC-CLASS A,2015-12-01 00:00:00-05:00,2015,4,12,79.68000030517578,83.94999694824219,85.48999786376953,77.48999786376953,19230700,217000000,17290560066.223145,17.290560066223144,,,,,,,,112.384254,29.246986,7.2345414,7.066546,,,,,Technology,Software - Application,United States,19517,2015-Q4
WDAY,WORKDAY INC-CLASS A,2016-01-01 00:00:00-05:00,2016,1,1,63.0099983215332,77.79000091552734,78.6500015258789,60.16999816894531,44281300,217000000,13673169635.772705,13.673169635772705,,,,,,,,112.384254,29.246986,7.2345414,7.066546,,,,-20.702241319499283,Technology,Software - Application,United States,19517,2016-Q1
WDAY,WORKDAY INC-CLASS A,2016-02-01 00:00:00-05:00,2016,1,2,60.45000076293945,62.560001373291016,65.9000015258789,47.31999969482422,67334700,217000000,13117650165.557861,13.117650165557862,,,,,,,,112.384254,29.246986,7.2345414,7.066546,,,,-29.298244721708244,Technology,Software - Application,United States,19517,2016-Q1
WDAY,WORKDAY INC-CLASS A,2016-03-01 00:00:00-05:00,2016,1,3,76.83999633789062,65.19000244140625,77.41000366210938,63.61000061035156,62722700,217000000,16674279205.322266,16.674279205322264,,,,,,,,112.384254,29.246986,7.2345414,7.066546,,,,-8.96814002582117,Technology,Software - Application,United States,19517,2016-Q1
WDAY,WORKDAY INC-CLASS A,2016-04-01 00:00:00-04:00,2016,2,4,74.9800033569336,76.44000244140625,80.0,73.7699966430664,30487300,217000000,16270660728.45459,16.27066072845459,,,,,,,,112.384254,29.246986,7.2345414,7.066546,,,,-17.794097018362997,Technology,Software - Application,United States,19517,2016-Q2
WDAY,WORKDAY INC-CLASS A,2016-05-01 00:00:00-04:00,2016,2,5,75.83999633789062,74.94999694824219,78.93000030517578,69.0,33159500,217000000,16457279205.322266,16.457279205322266,,,,,,,,112.384254,29.246986,7.2345414,7.066546,,,,-3.9026886752598244,Technology,Software - Application,United States,19517,2016-Q2
WDAY,WORKDAY INC-CLASS A,2016-06-01 00:00:00-04:00,2016,2,6,74.66999816894531,74.5,82.0,69.1500015258789,43986600,217000000,16203389602.661133,16.203389602661133,,,,,,,,112.384254,29.246986,7.2345414,7.066546,,,,-2.2516052290166733,Technology,Software - Application,United States,19517,2016-Q2
WDAY,WORKDAY INC-CLASS A,2016-07-01 00:00:00-04:00,2016,3,7,83.33999633789062,74.26000213623047,85.0,71.30000305175781,27574600,217000000,18084779205.322266,18.084779205322267,,,,,,,,112.384254,29.246986,7.2345414,7.066546,,,,-1.1739659334378039,Technology,Software - Application,United States,19517,2016-Q3
WDAY,WORKDAY INC-CLASS A,2016-08-01 00:00:00-04:00,2016,3,8,84.79000091552734,83.33999633789062,85.95999908447266,78.33999633789062,37821600,217000000,18399430198.669434,18.399430198669435,,,,,,,,112.384254,29.246986,7.2345414,7.066546,,,,20.68032783592002,Technology,Software - Application,United States,19517,2016-Q3
WDAY,WORKDAY INC-CLASS A,2016-09-01 00:00:00-04:00,2016,3,9,91.69000244140625,84.05000305175781,92.45999908447266,84.0,34152400,217000000,19896730529.785156,19.896730529785156,,,,,,,,112.384254,29.246986,7.2345414,7.066546,,,,33.154228330957515,Technology,Software - Application,United States,19517,2016-Q3
WDAY,WORKDAY INC-CLASS A,2016-10-01 00:00:00-04:00,2016,4,10,86.68000030517578,91.55999755859375,93.3499984741211,85.51000213623047,21236400,217000000,18809560066.223145,18.809560066223145,,,,,,,,112.384254,29.246986,7.2345414,7.066546,,,,9.763199905398224,Technology,Software - Application,United States,19517,2016-Q4
WDAY,WORKDAY INC-CLASS A,2016-11-01 00:00:00-04:00,2016,4,11,84.31999969482422,87.22000122070312,87.26000213623047,78.05000305175781,26149300,217000000,18297439933.776855,18.297439933776854,,,,,,,,112.384254,29.246986,7.2345414,7.066546,,,,0.7287069848561423,Technology,Software - Application,United States,19517,2016-Q4
WDAY,WORKDAY INC-CLASS A,2016-12-01 00:00:00-05:00,2016,4,12,66.08999633789062,84.43000030517578,84.83999633789062,65.79000091552734,70336500,217000000,14341529205.322266,14.341529205322265,,,,,,,,112.384254,29.246986,7.2345414,7.066546,,,,-17.055727805265064,Technology,Software - Application,United States,19517,2016-Q4
WDAY,WORKDAY INC-CLASS A,2017-01-01 00:00:00-05:00,2017,1,1,83.08999633789062,66.75,85.91000366210938,66.75,39766800,217000000,18030529205.322266,18.030529205322267,,,,,,,,112.384254,29.246986,7.2345414,7.066546,,,,31.86795516783125,Technology,Software - Application,United States,19517,2017-Q1
WDAY,WORKDAY INC-CLASS A,2017-02-01 00:00:00-05:00,2017,1,2,82.93000030517578,83.91999816894531,92.45999908447266,81.45999908447266,38287600,217000000,17995810066.223145,17.995810066223143,,,,,,,,112.384254,29.246986,7.2345414,7.066546,,,,37.187757251474366,Technology,Software - Application,United States,19517,2017-Q1
WDAY,WORKDAY INC-CLASS A,2017-03-01 00:00:00-05:00,2017,1,3,83.27999877929688,83.4000015258789,86.31999969482422,80.61000061035156,30731200,217000000,18071759735.10742,18.07175973510742,,,,,,,,112.384254,29.246986,7.2345414,7.066546,,,,8.3810551123499,Technology,Software - Application,United States,19517,2017-Q1
WDAY,WORKDAY INC-CLASS A,2017-04-01 00:00:00-04:00,2017,2,4,87.4000015258789,83.2699966430664,88.43000030517578,80.76000213623047,22210200,217000000,18965800331.115723,18.965800331115723,,,,,,,,112.384254,29.246986,7.2345414,7.066546,,,,16.564413994250373,Technology,Software - Application,United States,19517,2017-Q2
WDAY,WORKDAY INC-CLASS A,2017-05-01 00:00:00-04:00,2017,2,5,99.9800033569336,87.62000274658203,101.33000183105469,87.08999633789062,35890900,217000000,21695660728.45459,21.69566072845459,,,,,,,,112.384254,29.246986,7.2345414,7.066546,,,,31.830179568432172,Technology,Software - Application,United States,19517,2017-Q2
WDAY,WORKDAY INC-CLASS A,2017-06-01 00:00:00-04:00,2017,2,6,97.0,100.12000274658203,104.80000305175781,92.79000091552734,44417700,217000000,21049000000.0,21.049,,,,,,,,112.384254,29.246986,7.2345414,7.066546,,,,29.904918144676707,Technology,Software - Application,United States,19517,2017-Q2
WDAY,WORKDAY INC-CLASS A,2017-07-01 00:00:00-04:00,2017,3,7,102.11000061035156,97.72000122070312,106.75,94.4000015258789,20100400,217000000,22157870132.44629,22.157870132446288,,,,,,,,112.384254,29.246986,7.2345414,7.066546,,,,22.522204340351216,Technology,Software - Application,United States,19517,2017-Q3
WDAY,WORKDAY INC-CLASS A,2017-08-01 00:00:00-04:00,2017,3,8,109.69000244140625,103.12999725341797,111.44999694824219,96.83000183105469,30070800,217000000,23802730529.785156,23.802730529785155,,,,,,,,112.384254,29.246986,7.2345414,7.066546,,,,29.366672080456425,Technology,Software - Application,United States,19517,2017-Q3
WDAY,WORKDAY INC-CLASS A,2017-09-01 00:00:00-04:00,2017,3,9,105.38999938964844,109.5999984741211,110.94999694824219,98.45999908447266,42176400,217000000,22869629867.55371,22.869629867553712,,,,,,,,112.384254,29.246986,7.2345414,7.066546,,,,14.94164748986353,Technology,Software - Application,United States,19517,2017-Q3
WDAY,WORKDAY INC-CLASS A,2017-10-01 00:00:00-04:00,2017,4,10,110.98999786376953,105.30000305175781,111.83000183105469,102.77999877929688,30984600,217000000,24084829536.43799,24.084829536437987,,,,,,,,112.384254,29.246986,7.2345414,7.066546,,,,28.045682363873013,Technology,Software - Application,United States,19517,2017-Q4
WDAY,WORKDAY INC-CLASS A,2017-11-01 00:00:00-04:00,2017,4,11,103.0,111.94000244140625,116.88999938964844,102.11000061035156,34119400,217000000,22351000000.0,22.351,,,,,,,,112.384254,29.246986,7.2345414,7.066546,,,,22.153700631858996,Technology,Software - Application,United States,19517,2017-Q4
WDAY,WORKDAY INC-CLASS A,2017-12-01 00:00:00-05:00,2017,4,12,101.73999786376953,102.62999725341797,106.83000183105469,95.3499984741211,48548300,217000000,22077579536.43799,22.077579536437987,,,,,,,,112.384254,29.246986,7.2345414,7.066546,,,,53.941600092720975,Technology,Software - Application,United States,19517,2017-Q4
WDAY,WORKDAY INC-CLASS A,2018-01-01 00:00:00-05:00,2018,1,1,119.88999938964844,102.05000305175781,121.9800033569336,100.23999786376953,33285300,217000000,26016129867.55371,26.016129867553712,,,,,,,,112.384254,29.246986,7.2345414,7.066546,,,,44.289330453341606,Technology,Software - Application,United States,19517,2018-Q1
WDAY,WORKDAY INC-CLASS A,2018-02-01 00:00:00-05:00,2018,1,2,126.66999816894531,119.02999877929688,131.17999267578125,107.75,34884900,217000000,27487389602.661133,27.487389602661132,,,,,,,,112.384254,29.246986,7.2345414,7.066546,,,,52.74327469288536,Technology,Software - Application,United States,19517,2018-Q1
WDAY,WORKDAY INC-CLASS A,2018-03-01 00:00:00-05:00,2018,1,3,127.11000061035156,127.93000030517578,139.89999389648438,121.7699966430664,37009000,217000000,27582870132.44629,27.58287013244629,,,,,,,,112.384254,29.246986,7.2345414,7.066546,,,,52.629685967227324,Technology,Software - Application,United States,19517,2018-Q1
WDAY,WORKDAY INC-CLASS A,2018-04-01 00:00:00-04:00,2018,2,4,124.83999633789062,125.83999633789062,133.55999755859375,120.6500015258789,31456500,217000000,27090279205.322266,27.090279205322265,,,,,,,,112.384254,29.246986,7.2345414,7.066546,,,,42.837521920323816,Technology,Software - Application,United States,19517,2018-Q2
WDAY,WORKDAY INC-CLASS A,2018-05-01 00:00:00-04:00,2018,2,5,130.9600067138672,123.97000122070312,138.64999389648438,123.1500015258789,32534900,217000000,28418321456.90918,28.41832145690918,,,,,,,,112.384254,29.246986,7.2345414,7.066546,,,,30.98619955665878,Technology,Software - Application,United States,19517,2018-Q2
WDAY,WORKDAY INC-CLASS A,2018-06-01 00:00:00-04:00,2018,2,6,121.12000274658203,125.83000183105469,132.32000732421875,117.23999786376953,50340200,217000000,26283040596.0083,26.283040596008302,,,,,,,,112.384254,29.246986,7.2345414,7.066546,,,,24.86598221297116,Technology,Software - Application,United States,19517,2018-Q2
WDAY,WORKDAY INC-CLASS A,2018-07-01 00:00:00-04:00,2018,3,7,124.0199966430664,120.0,137.42999267578125,119.5999984741211,34572200,217000000,26912339271.54541,26.91233927154541,,,,,,,,112.384254,29.246986,7.2345414,7.066546,,,,21.45724796959181,Technology,Software - Application,United States,19517,2018-Q3
WDAY,WORKDAY INC-CLASS A,2018-08-01 00:00:00-04:00,2018,3,8,154.5399932861328,123.61000061035156,155.80999755859375,122.91999816894531,36519900,217000000,33535178543.09082,33.53517854309082,,,,,,,,112.384254,29.246986,7.2345414,7.066546,,,,40.88794771308748,Technology,Software - Application,United States,19517,2018-Q3
WDAY,WORKDAY INC-CLASS A,2018-09-01 00:00:00-04:00,2018,3,9,145.97999572753906,154.4199981689453,157.1199951171875,135.8300018310547,37506800,217000000,31677659072.875977,31.677659072875976,,,,,,,,112.384254,29.246986,7.2345414,7.066546,,,,38.51408726915453,Technology,Software - Application,United States,19517,2018-Q3
WDAY,WORKDAY INC-CLASS A,2018-10-01 00:00:00-04:00,2018,4,10,133.02000427246094,147.19000244140625,148.38999938964844,118.62000274658203,50387200,217000000,28865340927.124023,28.865340927124024,,,,,,,,112.384254,29.246986,7.2345414,7.066546,,,,19.84864116830718,Technology,Software - Application,United States,19517,2018-Q4
WDAY,WORKDAY INC-CLASS A,2018-11-01 00:00:00-04:00,2018,4,11,164.0,133.5500030517578,166.36000061035156,117.72000122070312,52040700,217000000,35588000000.0,35.588,,,,,,,,112.384254,29.246986,7.2345414,7.066546,,,,59.22330097087378,Technology,Software - Application,United States,19517,2018-Q4
WDAY,WORKDAY INC-CLASS A,2018-12-01 00:00:00-05:00,2018,4,12,159.67999267578125,164.49000549316406,172.6699981689453,141.6999969482422,54556100,217000000,34650558410.64453,34.65055841064453,,,,,,,,112.384254,29.246986,7.2345414,7.066546,,,,56.949082001745,Technology,Software - Application,United States,19517,2018-Q4
WDAY,WORKDAY INC-CLASS A,2019-01-01 00:00:00-05:00,2019,1,1,181.52999877929688,155.9600067138672,184.97999572753906,152.32000732421875,43790400,217000000,39392009735.10742,39.39200973510742,,,,,,,,112.384254,29.246986,7.2345414,7.066546,,,,51.41379573229905,Technology,Software - Application,United States,19517,2019-Q1
WDAY,WORKDAY INC-CLASS A,2019-02-01 00:00:00-05:00,2019,1,2,197.92999267578125,180.6699981689453,199.4499969482422,180.3300018310547,33201200,217000000,42950808410.64453,42.950808410644534,,,,,,,,112.384254,29.246986,7.2345414,7.066546,,,,56.25641078149648,Technology,Software - Application,United States,19517,2019-Q1
WDAY,WORKDAY INC-CLASS A,2019-03-01 00:00:00-05:00,2019,1,3,192.85000610351562,199.85000610351562,200.0,175.50999450683594,42558100,217000000,41848451324.46289,41.84845132446289,,,,,,,,112.384254,29.246986,7.2345414,7.066546,,,,51.718987630789414,Technology,Software - Application,United States,19517,2019-Q1
WDAY,WORKDAY INC-CLASS A,2019-04-01 00:00:00-04:00,2019,2,4,205.6300048828125,193.50999450683594,208.3300018310547,179.0800018310547,31644400,217000000,44621711059.57031,44.62171105957031,,,,,,,,112.384254,29.246986,7.2345414,7.066546,,,,64.71484373185696,Technology,Software - Application,United States,19517,2019-Q2
WDAY,WORKDAY INC-CLASS A,2019-05-01 00:00:00-04:00,2019,2,5,204.1199951171875,206.5,217.6300048828125,191.25,40540400,217000000,44294038940.42969,44.29403894042969,,,,,,,,112.384254,29.246986,7.2345414,7.066546,,,,55.86437435297833,Technology,Software - Application,United States,19517,2019-Q2
WDAY,WORKDAY INC-CLASS A,2019-06-01 00:00:00-04:00,2019,2,6,205.5800018310547,203.85000610351562,221.0,189.6199951171875,35986200,217000000,44610860397.33887,44.61086039733887,,,,,,,,112.384254,29.246986,7.2345414,7.066546,,,,69.73249436031415,Technology,Software - Application,United States,19517,2019-Q2
WDAY,WORKDAY INC-CLASS A,2019-07-01 00:00:00-04:00,2019,3,7,199.97999572753906,210.35000610351562,226.8300018310547,199.67999267578125,30045400,217000000,43395659072.87598,43.39565907287598,,,,,,,,112.384254,29.246986,7.2345414,7.066546,,,,61.248186696124506,Technology,Software - Application,United States,19517,2019-Q3
WDAY,WORKDAY INC-CLASS A,2019-08-01 00:00:00-04:00,2019,3,8,177.27999877929688,201.0,206.75999450683594,173.1999969482422,43007700,217000000,38469759735.10742,38.469759735107424,,,,,,,,112.384254,29.246986,7.2345414,7.066546,,,,14.714641180979381,Technology,Software - Application,United States,19517,2019-Q3
WDAY,WORKDAY INC-CLASS A,2019-09-01 00:00:00-04:00,2019,3,9,169.9600067138672,174.4600067138672,178.22000122070312,163.25999450683594,43079400,217000000,36881321456.90918,36.88132145690918,,,,,,,,112.384254,29.246986,7.2345414,7.066546,,,,16.426915802275445,Technology,Software - Application,United States,19517,2019-Q3
WDAY,WORKDAY INC-CLASS A,2019-10-01 00:00:00-04:00,2019,4,10,162.16000366210938,170.07000732421875,185.6199951171875,151.05999755859375,52949500,217000000,35188720794.677734,35.188720794677735,,,,,,,,112.384254,29.246986,7.2345414,7.066546,,,,21.906479066082298,Technology,Software - Application,United States,19517,2019-Q4
WDAY,WORKDAY INC-CLASS A,2019-11-01 00:00:00-04:00,2019,4,11,179.1199951171875,163.6300048828125,180.02999877929688,158.7899932861328,33329100,217000000,38869038940.42969,38.86903894042969,,,,,,,,112.384254,29.246986,7.2345414,7.066546,,,,9.219509217797262,Technology,Software - Application,United States,19517,2019-Q4
WDAY,WORKDAY INC-CLASS A,2019-12-01 00:00:00-05:00,2019,4,12,164.4499969482422,178.55999755859375,178.64999389648438,157.61000061035156,46486400,217000000,35685649337.768555,35.68564933776855,,,,,,,,112.384254,29.246986,7.2345414,7.066546,,,,2.987227261555603,Technology,Software - Application,United States,19517,2019-Q4
WDAY,WORKDAY INC-CLASS A,2020-01-01 00:00:00-05:00,2020,1,1,184.6300048828125,166.10000610351562,189.35000610351562,164.9600067138672,36295800,217000000,40064711059.57031,40.064711059570314,,,,,,,,112.384254,29.246986,7.2345414,7.066546,,,,1.7077100888898133,Technology,Software - Application,United States,19517,2020-Q1
WDAY,WORKDAY INC-CLASS A,2020-02-01 00:00:00-05:00,2020,1,2,173.25,185.60000610351562,202.0,164.6999969482422,38592900,217000000,37595250000.0,37.59525,,,,,,,,112.384254,29.246986,7.2345414,7.066546,,,,-12.4690514773111,Technology,Software - Application,United States,19517,2020-Q1
WDAY,WORKDAY INC-CLASS A,2020-03-01 00:00:00-05:00,2020,1,3,130.22000122070312,174.85000610351562,176.3699951171875,107.75,75811000,217000000,28257740264.89258,28.25774026489258,,,,,,,,112.384254,29.246986,7.2345414,7.066546,,,,-32.476019134370546,Technology,Software - Application,United States,19517,2020-Q1
WDAY,WORKDAY INC-CLASS A,2020-04-01 00:00:00-04:00,2020,2,4,153.89999389648438,125.01000213623047,158.5800018310547,115.5,54260900,217000000,33396298675.53711,33.39629867553711,,,,,,,,112.384254,29.246986,7.2345414,7.066546,,,,-25.1568398375562,Technology,Software - Application,United States,19517,2020-Q2
WDAY,WORKDAY INC-CLASS A,2020-05-01 00:00:00-04:00,2020,2,5,183.42999267578125,150.44000244140625,187.0,144.80999755859375,55036600,217000000,39804308410.64453,39.80430841064453,,,,,,,,112.384254,29.246986,7.2345414,7.066546,,,,-10.136195833988682,Technology,Software - Application,United States,19517,2020-Q2
WDAY,WORKDAY INC-CLASS A,2020-06-01 00:00:00-04:00,2020,2,6,187.36000061035156,181.99000549316406,190.33999633789062,169.6999969482422,43777900,217000000,40657120132.44629,40.65712013244629,,,,,,,,112.384254,29.246986,7.2345414,7.066546,,,,-8.862730352379455,Technology,Software - Application,United States,19517,2020-Q2
WDAY,WORKDAY INC-CLASS A,2020-07-01 00:00:00-04:00,2020,3,7,180.9199981689453,187.3699951171875,200.0,176.8000030517578,33145800,217000000,39259639602.66113,39.25963960266113,,,,,,,,112.384254,29.246986,7.2345414,7.066546,,,,-9.530952078107791,Technology,Software - Application,United States,19517,2020-Q3
WDAY,WORKDAY INC-CLASS A,2020-08-01 00:00:00-04:00,2020,3,8,239.7100067138672,182.47000122070312,248.75,174.52000427246094,46810200,217000000,52017071456.90918,52.01707145690918,,,,,,,,112.384254,29.246986,7.2345414,7.066546,,,,35.2154830575625,Technology,Software - Application,United States,19517,2020-Q3
WDAY,WORKDAY INC-CLASS A,2020-09-01 00:00:00-04:00,2020,3,9,215.1300048828125,241.6999969482422,244.75,195.80999755859375,43390000,217000000,46683211059.57031,46.68321105957031,,,,,,,,112.384254,29.246986,7.2345414,7.066546,,,,26.576839482590977,Technology,Software - Application,United States,19517,2020-Q3
WDAY,WORKDAY INC-CLASS A,2020-10-01 00:00:00-04:00,2020,4,10,210.1199951171875,222.75,236.83999633789062,207.22999572753906,34212800,217000000,45596038940.42969,45.596038940429686,,,,,,,,112.384254,29.246986,7.2345414,7.066546,,,,29.575721739012618,Technology,Software - Application,United States,19517,2020-Q4
WDAY,WORKDAY INC-CLASS A,2020-11-01 00:00:00-04:00,2020,4,11,224.7899932861328,209.72999572753906,231.94000244140625,201.6199951171875,52231800,217000000,48779428543.09082,48.77942854309082,,,,,,,,112.384254,29.246986,7.2345414,7.066546,,,,25.4968732770823,Technology,Software - Application,United States,19517,2020-Q4
WDAY,WORKDAY INC-CLASS A,2020-12-01 00:00:00-05:00,2020,4,12,239.61000061035156,223.44000244140625,259.010009765625,214.77000427246094,43707800,217000000,51995370132.44629,51.99537013244629,,,,,,,,112.384254,29.246986,7.2345414,7.066546,,,,45.70386443106149,Technology,Software - Application,United States,19517,2020-Q4
WDAY,WORKDAY INC-CLASS A,2021-01-01 00:00:00-05:00,2021,1,1,227.52999877929688,240.11000061035156,240.67999267578125,217.85000610351562,39391500,217000000,49374009735.10742,49.37400973510742,,,,,,,,112.384254,29.246986,7.2345414,7.066546,,,,23.23565658989917,Technology,Software - Application,United States,19517,2021-Q1
WDAY,WORKDAY INC-CLASS A,2021-02-01 00:00:00-05:00,2021,1,2,245.17999267578125,228.52000427246094,282.7699890136719,228.52000427246094,44374100,217000000,53204058410.64453,53.20405841064453,,,,,,,,112.384254,29.246986,7.2345414,7.066546,,,,41.51803329049424,Technology,Software - Application,United States,19517,2021-Q1
WDAY,WORKDAY INC-CLASS A,2021-03-01 00:00:00-05:00,2021,1,3,248.42999267578125,248.6699981689453,263.2799987792969,222.52999877929688,39120100,217000000,53909308410.64453,53.909308410644535,,,,,,,,112.384254,29.246986,7.2345414,7.066546,,,,90.77713895481396,Technology,Software - Application,United States,19517,2021-Q1
WDAY,WORKDAY INC-CLASS A,2021-04-01 00:00:00-04:00,2021,2,4,247.0,253.25999450683594,268.8800048828125,246.77999877929688,27016000,217000000,53599000000.0,53.599,,,,,,,,112.384254,29.246986,7.2345414,7.066546,,,,60.4938335255141,Technology,Software - Application,United States,19517,2021-Q2
WDAY,WORKDAY INC-CLASS A,2021-05-01 00:00:00-04:00,2021,2,5,228.72000122070312,248.35000610351562,250.19000244140625,217.60000610351562,37750000,217000000,49632240264.89258,49.63224026489258,,,,,,,,112.384254,29.246986,7.2345414,7.066546,,,,24.690623318604988,Technology,Software - Application,United States,19517,2021-Q2
WDAY,WORKDAY INC-CLASS A,2021-06-01 00:00:00-04:00,2021,2,6,238.74000549316406,229.22999572753906,246.61000061035156,220.82000732421875,32013600,217000000,51806581192.0166,51.8065811920166,,,,,,,,112.384254,29.246986,7.2345414,7.066546,,,,27.42314512992896,Technology,Software - Application,United States,19517,2021-Q2
WDAY,WORKDAY INC-CLASS A,2021-07-01 00:00:00-04:00,2021,3,7,234.39999389648438,238.11000061035156,243.5800018310547,220.00999450683594,33383200,217000000,50864798675.53711,50.86479867553711,,,,,,,,112.384254,29.246986,7.2345414,7.066546,,,,29.560024468715064,Technology,Software - Application,United States,19517,2021-Q3
WDAY,WORKDAY INC-CLASS A,2021-08-01 00:00:00-04:00,2021,3,8,273.1600036621094,235.10000610351562,275.7099914550781,228.07000732421875,37422700,217000000,59275720794.677734,59.27572079467773,,,,,,,,112.384254,29.246986,7.2345414,7.066546,,,,13.954359856228349,Technology,Software - Application,United States,19517,2021-Q3
WDAY,WORKDAY INC-CLASS A,2021-09-01 00:00:00-04:00,2021,3,9,249.88999938964844,274.0,278.2300109863281,246.94000244140625,31444100,217000000,54226129867.55371,54.22612986755371,,,,,,,,112.384254,29.246986,7.2345414,7.066546,,,,16.15766918509145,Technology,Software - Application,United States,19517,2021-Q3
WDAY,WORKDAY INC-CLASS A,2021-10-01 00:00:00-04:00,2021,4,10,289.9800109863281,250.0,292.6199951171875,246.4499969482422,26312000,217000000,62925662384.0332,62.9256623840332,,,,,,,,112.384254,29.246986,7.2345414,7.066546,,,,38.00686166235694,Technology,Software - Application,United States,19517,2021-Q4
WDAY,WORKDAY INC-CLASS A,2021-11-01 00:00:00-04:00,2021,4,11,274.2300109863281,291.1099853515625,307.80999755859375,268.3699951171875,39493000,217000000,59507912384.0332,59.507912384033204,,,,,,,,112.384254,29.246986,7.2345414,7.066546,,,,21.993869467874227,Technology,Software - Application,United States,19517,2021-Q4
WDAY,WORKDAY INC-CLASS A,2021-12-01 00:00:00-05:00,2021,4,12,273.17999267578125,275.80999755859375,285.5799865722656,258.2200012207031,31542200,217000000,59280058410.64453,59.28005841064453,,,,,,,,112.384254,29.246986,7.2345414,7.066546,,,,14.010263336220463,Technology,Software - Application,United States,19517,2021-Q4
WDAY,WORKDAY INC-CLASS A,2022-01-01 00:00:00-05:00,2022,1,1,253.00999450683594,271.9599914550781,272.5,223.52000427246094,50926400,217000000,54903168807.9834,54.9031688079834,,,,,,,,112.384254,29.246986,7.2345414,7.066546,,,,11.198521453979593,Technology,Software - Application,United States,19517,2022-Q1
WDAY,WORKDAY INC-CLASS A,2022-02-01 00:00:00-05:00,2022,1,2,229.0500030517578,256.9599914550781,257.0,205.89999389648438,42988500,217000000,49703850662.231445,49.703850662231446,,,,,,,,112.384254,29.246986,7.2345414,7.066546,,,,-6.578836000437138,Technology,Software - Application,United States,19517,2022-Q1
WDAY,WORKDAY INC-CLASS A,2022-03-01 00:00:00-05:00,2022,1,3,239.4600067138672,245.97999572753906,250.0,215.75999450683594,58709200,217000000,51962821456.90918,51.96282145690918,,,,,,,,112.384254,29.246986,7.2345414,7.066546,,,,-3.610669494975405,Technology,Software - Application,United States,19517,2022-Q1
WDAY,WORKDAY INC-CLASS A,2022-04-01 00:00:00-04:00,2022,2,4,206.6999969482422,237.35000610351562,245.8300018310547,200.6699981689453,36479200,217000000,44853899337.768555,44.85389933776855,,,,,,,,112.384254,29.246986,7.2345414,7.066546,,,,-16.315790709213683,Technology,Software - Application,United States,19517,2022-Q2
WDAY,WORKDAY INC-CLASS A,2022-05-01 00:00:00-04:00,2022,2,5,156.3000030517578,205.77999877929688,209.3699951171875,149.05999755859375,85459400,217000000,33917100662.231445,33.91710066223145,,,,,,,,112.384254,29.246986,7.2345414,7.066546,,,,-31.6631679706331,Technology,Software - Application,United States,19517,2022-Q2
WDAY,WORKDAY INC-CLASS A,2022-06-01 00:00:00-04:00,2022,2,6,139.5800018310547,158.00999450683594,169.89999389648438,134.52999877929688,73605900,217000000,30288860397.338867,30.288860397338865,,,,,,,,112.384254,29.246986,7.2345414,7.066546,,,,-41.5347245457564,Technology,Software - Application,United States,19517,2022-Q2
WDAY,WORKDAY INC-CLASS A,2022-07-01 00:00:00-04:00,2022,3,7,155.10000610351562,140.30999755859375,155.85000610351562,134.10000610351562,46816200,217000000,33656701324.46289,33.656701324462894,,,,,,,,112.384254,29.246986,7.2345414,7.066546,,,,-33.83105369362303,Technology,Software - Application,United States,19517,2022-Q3
WDAY,WORKDAY INC-CLASS A,2022-08-01 00:00:00-04:00,2022,3,8,164.55999755859375,152.97000122070312,179.8300018310547,151.6999969482422,67586700,217000000,35709519470.21484,35.70951947021484,,,,,,,,112.384254,29.246986,7.2345414,7.066546,,,,-39.756920723229506,Technology,Software - Application,United States,19517,2022-Q3
WDAY,WORKDAY INC-CLASS A,2022-09-01 00:00:00-04:00,2022,3,9,152.22000122070312,162.4199981689453,172.97999572753906,146.5399932861328,58412700,217000000,33031740264.89258,33.031740264892576,,,,,,,,112.384254,29.246986,7.2345414,7.066546,,,,-39.0851968496148,Technology,Software - Application,United States,19517,2022-Q3
WDAY,WORKDAY INC-CLASS A,2022-10-01 00:00:00-04:00,2022,4,10,155.82000732421875,152.67999267578125,162.77000427246094,135.6300048828125,39700100,217000000,33812941589.35547,33.81294158935547,,,,,,,,112.384254,29.246986,7.2345414,7.066546,,,,-46.265259183135456,Technology,Software - Application,United States,19517,2022-Q4
WDAY,WORKDAY INC-CLASS A,2022-11-01 00:00:00-04:00,2022,4,11,167.89999389648438,158.47999572753906,167.92999267578125,128.72000122070312,56063000,217000000,36434298675.53711,36.43429867553711,,,,,,,,112.384254,29.246986,7.2345414,7.066546,,,,-38.774026485068006,Technology,Software - Application,United States,19517,2022-Q4
WDAY,WORKDAY INC-CLASS A,2022-12-01 00:00:00-05:00,2022,4,12,167.3300018310547,165.61000061035156,184.5,159.89999389648438,43763000,217000000,36310610397.33887,36.31061039733887,,,,,,,,112.384254,29.246986,7.2345414,7.066546,,,,-38.7473437596701,Technology,Software - Application,United States,19517,2022-Q4
WDAY,WORKDAY INC-CLASS A,2023-01-01 00:00:00-05:00,2023,1,1,181.42999267578125,170.6999969482422,181.50999450683594,157.85000610351562,38995800,217000000,39370308410.64453,39.37030841064453,,,,,,,,112.384254,29.246986,7.2345414,7.066546,,,,-28.291373220483873,Technology,Software - Application,United States,19517,2023-Q1
WDAY,WORKDAY INC-CLASS A,2023-02-01 00:00:00-05:00,2023,1,2,185.47000122070312,180.5800018310547,193.63999938964844,177.77999877929688,39967400,217000000,40246990264.89258,40.24699026489258,,,,,,,,112.384254,29.246986,7.2345414,7.066546,,,,-19.02641399275905,Technology,Software - Application,United States,19517,2023-Q1
WDAY,WORKDAY INC-CLASS A,2023-03-01 00:00:00-05:00,2023,1,3,206.5399932861328,185.63999938964844,206.67999267578125,174.05999755859375,46070400,217000000,44819178543.09082,44.81917854309082,,,,,,,,112.384254,29.246986,7.2345414,7.066546,,,,-13.747603985942746,Technology,Software - Application,United States,19517,2023-Q1
WDAY,WORKDAY INC-CLASS A,2023-04-01 00:00:00-04:00,2023,2,4,186.13999938964844,203.2899932861328,205.97999572753906,182.8300018310547,31737700,217000000,40392379867.55371,40.392379867553714,,,,,,,,112.384254,29.246986,7.2345414,7.066546,,,,-9.946781742692522,Technology,Software - Application,United States,19517,2023-Q2
WDAY,WORKDAY INC-CLASS A,2023-05-01 00:00:00-04:00,2023,2,5,211.99000549316406,185.50999450683594,218.8800048828125,174.25,53351100,217000000,46001831192.0166,46.0018311920166,,,,,,,,112.384254,29.246986,7.2345414,7.066546,,,,35.63019920285275,Technology,Software - Application,United States,19517,2023-Q2
WDAY,WORKDAY INC-CLASS A,2023-06-01 00:00:00-04:00,2023,2,6,225.88999938964844,209.32000732421875,230.6199951171875,201.4199981689453,44060500,217000000,49018129867.55371,49.01812986755371,,,,,,,,112.384254,29.246986,7.2345414,7.066546,,,,61.835503959271996,Technology,Software - Application,United States,19517,2023-Q2
WDAY,WORKDAY INC-CLASS A,2023-07-01 00:00:00-04:00,2023,3,7,237.1300048828125,225.5800018310547,238.6699981689453,216.7899932861328,37128700,217000000,51457211059.57031,51.45721105957031,,,,,,,,112.384254,29.246986,7.2345414,7.066546,,,,52.88845619035569,Technology,Software - Application,United States,19517,2023-Q3
WDAY,WORKDAY INC-CLASS A,2023-08-01 00:00:00-04:00,2023,3,8,244.5,235.83999633789062,245.60000610351562,218.44000244140625,38737300,217000000,53056500000.0,53.0565,,,,,,,,112.384254,29.246986,7.2345414,7.066546,,,,48.57802845612134,Technology,Software - Application,United States,19517,2023-Q3
WDAY,WORKDAY INC-CLASS A,2023-09-01 00:00:00-04:00,2023,3,9,214.85000610351562,246.5399932861328,252.72000122070312,202.64999389648438,37657100,217000000,46622451324.46289,46.622451324462894,,,,,,,,112.384254,29.246986,7.2345414,7.066546,,,,41.144399146341826,Technology,Software - Application,United States,19517,2023-Q3
WDAY,WORKDAY INC-CLASS A,2023-10-01 00:00:00-04:00,2023,4,10,211.7100067138672,214.85000610351562,223.49000549316406,202.00999450683594,34214600,217000000,45941071456.90918,45.94107145690918,,,,,,,,112.384254,29.246986,7.2345414,7.066546,,,,35.86830751031647,Technology,Software - Application,United States,19517,2023-Q4
WDAY,WORKDAY INC-CLASS A,2023-11-01 00:00:00-04:00,2023,4,11,270.7200012207031,209.4600067138672,271.989990234375,206.99000549316406,40765600,217000000,58746240264.89258,58.74624026489258,,,,,,,,112.384254,29.246986,7.2345414,7.066546,,,,61.238839226885574,Technology,Software - Application,United States,19517,2023-Q4
WDAY,WORKDAY INC-CLASS A,2023-12-01 00:00:00-05:00,2023,4,12,276.05999755859375,269.2099914550781,279.8299865722656,263.6000061035156,37147800,217000000,59905019470.21484,59.905019470214846,,,,,,,,112.384254,29.246986,7.2345414,7.066546,,,,64.97937879503442,Technology,Software - Application,United States,19517,2023-Q4
WDAY,WORKDAY INC-CLASS A,2024-01-01 00:00:00-05:00,2024,1,1,291.07000732421875,273.7300109863281,298.0,263.8800048828125,27138000,217000000,63162191589.35547,63.162191589355466,,,,,,,,112.384254,29.246986,7.2345414,7.066546,,,,60.4310307416295,Technology,Software - Application,United States,19517,2024-Q1
WDAY,WORKDAY INC-CLASS A,2024-02-01 00:00:00-05:00,2024,1,2,294.6600036621094,292.70001220703125,311.2799987792969,284.6300048828125,37915000,217000000,63941220794.677734,63.94122079467773,,,,,,,,112.384254,29.246986,7.2345414,7.066546,,,,58.872055708606894,Technology,Software - Application,United States,19517,2024-Q1
WDAY,WORKDAY INC-CLASS A,2024-03-01 00:00:00-05:00,2024,1,3,272.75,295.8800048828125,296.44000244140625,262.55999755859375,48843100,217000000,59186750000.0,59.18675,,,,,,,,112.384254,29.246986,7.2345414,7.066546,,,,32.05674874896616,Technology,Software - Application,United States,19517,2024-Q1
WDAY,WORKDAY INC-CLASS A,2024-04-01 00:00:00-04:00,2024,2,4,244.72999572753906,272.7699890136719,275.760009765625,244.36000061035156,33620700,217000000,53106409072.87598,53.10640907287598,,,,,,,,112.384254,29.246986,7.2345414,7.066546,,,,31.476306290967425,Technology,Software - Application,United States,19517,2024-Q2
WDAY,WORKDAY INC-CLASS A,2024-05-01 00:00:00-04:00,2024,2,5,211.4499969482422,245.3800048828125,263.6600036621094,204.52000427246094,80737000,217000000,45884649337.768555,45.88464933776856,,,,,,,,112.384254,29.246986,7.2345414,7.066546,,,,-0.25473302086370664,Technology,Software - Application,United States,19517,2024-Q2
WDAY,WORKDAY INC-CLASS A,2024-06-01 00:00:00-04:00,2024,2,6,223.55999755859375,210.07000732421875,225.41000366210938,207.0,48436800,217000000,48512519470.21484,48.51251947021484,,,,,,,,112.384254,29.246986,7.2345414,7.066546,,,,-1.0314763103060454,Technology,Software - Application,United States,19517,2024-Q2
WDAY,WORKDAY INC-CLASS A,2024-07-01 00:00:00-04:00,2024,3,7,227.1199951171875,223.0,237.47999572753906,218.4600067138672,39183900,217000000,49285038940.42969,49.285038940429686,2085000000.0,2085.0,1574000000.0,132000000.0,112000000.0,275000000.0,5.909477091178619,112.384254,29.246986,7.2345414,7.066546,,,,-4.221317235063459,Technology,Software - Application,United States,19517,2024-Q3
WDAY,WORKDAY INC-CLASS A,2024-08-01 00:00:00-04:00,2024,3,8,263.19000244140625,227.3300018310547,266.82000732421875,199.80999755859375,57554300,217000000,57112230529.78516,57.11223052978516,2085000000.0,2085.0,1574000000.0,132000000.0,112000000.0,275000000.0,6.847989272156494,112.384254,29.246986,7.2345414,7.066546,,0.0,,7.644172777671265,Technology,Software - Application,United States,19517,2024-Q3
WDAY,WORKDAY INC-CLASS A,2024-09-01 00:00:00-04:00,2024,3,9,244.41000366210938,262.989990234375,265.57000732421875,241.5399932861328,37049800,217000000,53036970794.677734,53.036970794677735,2085000000.0,2085.0,1574000000.0,132000000.0,112000000.0,275000000.0,6.35934901614841,112.384254,29.246986,7.2345414,7.066546,,0.0,,13.758434591038181,Technology,Software - Application,United States,19517,2024-Q3
WDAY,WORKDAY INC-CLASS A,2024-10-01 00:00:00-04:00,2024,4,10,233.85000610351562,243.94000244140625,247.72000122070312,233.3300018310547,35688300,217000000,50745451324.46289,50.74545132446289,2160000000.0,2160.0,1630000000.0,193000000.0,165000000.0,337000000.0,5.8733161255165385,112.384254,29.246986,7.2345414,7.066546,,3.597122302158273,,10.457700952969763,Technology,Software - Application,United States,19517,2024-Q4
WDAY,WORKDAY INC-CLASS A,2024-11-01 00:00:00-04:00,2024,4,11,249.99000549316406,233.1699981689453,278.9800109863281,231.74000549316406,52863400,217000000,54247831192.0166,54.247831192016605,2160000000.0,2160.0,1630000000.0,193000000.0,165000000.0,337000000.0,6.278684165742662,112.384254,29.246986,7.2345414,7.066546,,0.0,3.597122302158273,-7.657356543316151,Technology,Software - Application,United States,19517,2024-Q4
WDAY,WORKDAY INC-CLASS A,2024-12-01 00:00:00-05:00,2024,4,12,258.0299987792969,246.4499969482422,294.0,246.27000427246094,115538800,217000000,55992509735.10742,55.99250973510742,2160000000.0,2160.0,1630000000.0,193000000.0,165000000.0,337000000.0,6.48061455267447,112.384254,29.246986,7.2345414,7.066546,,0.0,3.597122302158273,-6.53118848755695,Technology,Software - Application,United States,19517,2024-Q4
WDAY,WORKDAY INC-CLASS A,2025-01-01 00:00:00-05:00,2025,1,1,262.05999755859375,260.67999267578125,274.5,244.8800048828125,39744800,217000000,56867019470.21484,56.86701947021484,2211000000.0,2211.0,1672000000.0,94000000.0,159000000.0,239000000.0,6.430011247197517,112.384254,29.246986,7.2345414,7.066546,,2.3611111111111027,6.043165467625888,-9.966677787351397,Technology,Software - Application,United States,19517,2025-Q1
WDAY,WORKDAY INC-CLASS A,2025-02-01 00:00:00-05:00,2025,1,2,263.3399963378906,259.7300109863281,283.67999267578125,251.02999877929688,52152500,217000000,57144779205.322266,57.144779205322266,2211000000.0,2211.0,1672000000.0,94000000.0,159000000.0,239000000.0,6.461417820592748,112.384254,29.246986,7.2345414,7.066546,,0.0,2.3611111111111027,-10.629202109198987,Technology,Software - Application,United States,19517,2025-Q1
WDAY,WORKDAY INC-CLASS A,2025-03-01 00:00:00-05:00,2025,1,3,233.52999877929688,264.260009765625,264.7200012207031,229.2899932861328,41513400,217000000,50676009735.10742,50.67600973510742,2211000000.0,2211.0,1672000000.0,94000000.0,159000000.0,239000000.0,5.729987532237383,112.384254,29.246986,7.2345414,7.066546,,0.0,2.3611111111111027,-14.379468825189045,Technology,Software - Application,United States,19517,2025-Q1
WDAY,WORKDAY INC-CLASS A,2025-04-01 00:00:00-04:00,2025,2,4,245.0,232.9499969482422,245.52000427246094,205.3300018310547,52892800,217000000,53165000000.0,53.165,2240000000.0,2240.0,1703000000.0,68000000.0,205000000.0,216000000.0,5.93359375,112.384254,29.246986,7.2345414,7.066546,,1.3116236996834063,3.703703703703698,0.11032741273020452,Technology,Software - Application,United States,19517,2025-Q2
WDAY,WORKDAY INC-CLASS A,2025-05-01 00:00:00-04:00,2025,2,5,247.7100067138672,247.0500030517578,276.0,237.0,50126600,217000000,53753071456.90918,53.75307145690918,2240000000.0,2240.0,1703000000.0,68000000.0,205000000.0,216000000.0,5.999226725101471,112.384254,29.246986,7.2345414,7.066546,,0.0,1.3116236996834063,17.148266866374364,Technology,Software - Application,United States,19517,2025-Q2
WDAY,WORKDAY INC-CLASS A,2025-06-01 00:00:00-04:00,2025,2,6,240.0,246.27000427246094,257.0899963378906,230.05999755859375,39785400,217000000,52080000000.0,52.08,2240000000.0,2240.0,1703000000.0,68000000.0,205000000.0,216000000.0,5.8125,112.384254,29.246986,7.2345414,7.066546,,0.0,1.3116236996834063,7.353731714502021,Technology,Software - Application,United States,19517,2025-Q2
WDAY,WORKDAY INC-CLASS A,2025-07-01 00:00:00-04:00,2025,3,7,229.3800048828125,238.58999633789062,243.72999572753906,222.25999450683594,50688400,217000000,49775461059.57031,49.77546105957031,2348000000.0,2348.0,1766000000.0,228000000.0,249000000.0,414000000.0,5.299772259323926,112.384254,29.246986,7.2345414,7.066546,,4.8214285714285765,6.196291270918142,0.9950730073144287,Technology,Software - Application,United States,19517,2025-Q3
WDAY,WORKDAY INC-CLASS A,2025-08-01 00:00:00-04:00,2025,3,8,230.82000732421875,228.74000549316406,234.9199981689453,206.77000427246094,84838700,217000000,50087941589.35547,50.08794158935547,2348000000.0,2348.0,1766000000.0,228000000.0,249000000.0,414000000.0,5.333043184556588,112.384254,29.246986,7.2345414,7.066546,,0.0,4.8214285714285765,-12.299097540528347,Technology,Software - Application,United States,19517,2025-Q3
WDAY,WORKDAY INC-CLASS A,2025-09-01 00:00:00-04:00,2025,3,9,240.72999572753906,227.49000549316406,249.85000610351562,218.0,77110700,217000000,52238409072.87598,52.238409072875974,2348000000.0,2348.0,1766000000.0,228000000.0,249000000.0,414000000.0,5.562011187486795,112.384254,29.246986,7.2345414,7.066546,,0.0,4.8214285714285765,-1.5056699314394018,Technology,Software - Application,United States,19517,2025-Q3
WDAY,WORKDAY INC-CLASS A,2025-10-01 00:00:00-04:00,2025,4,10,242.75,239.35000610351562,247.39999389648438,227.13999938964844,39205729,217000000,52676750000.0,52.67675,,,,,,,,112.384254,29.246986,7.2345414,7.066546,,0.0,4.8214285714285765,3.8058557469289545,Technology,Software - Application,United States,19517,2025-Q4
