ticker,company_name,date,year,quarter,month,close_price,open_price,high_price,low_price,volume,shares_outstanding,market_cap,market_cap_billions,revenue,revenue_millions,gross_profit,net_income,operating_income,ebitda,ps_ratio,current_pe,forward_pe,current_ps,current_pb,peg_ratio,revenue_qoq_pct,revenue_yoy_pct,market_cap_yoy_pct,sector,industry,country,employees,year_quarter
WIX,WIX.COM LTD,2015-01-01 00:00:00-05:00,2015,1,1,19.780000686645508,21.200000762939453,21.75,17.610000610351562,3968600,55686229,1101473647.856699,1.101473647856699,,,,,,,,47.90071,19.380201,4.02529,-63.928066,,,,,Technology,Software - Infrastructure,Israel,5326,2015-Q1
WIX,WIX.COM LTD,2015-02-01 00:00:00-05:00,2015,1,2,18.329999923706055,19.799999237060547,19.979999542236328,18.31999969482422,3748600,55686229,1020728573.3214779,1.020728573321478,,,,,,,,47.90071,19.380201,4.02529,-63.928066,,,,,Technology,Software - Infrastructure,Israel,5326,2015-Q1
WIX,WIX.COM LTD,2015-03-01 00:00:00-05:00,2015,1,3,19.15999984741211,18.3799991607666,19.860000610351562,17.010000228881836,5367200,55686229,1066948139.1429558,1.0669481391429558,,,,,,,,47.90071,19.380201,4.02529,-63.928066,,,,,Technology,Software - Infrastructure,Israel,5326,2015-Q1
WIX,WIX.COM LTD,2015-04-01 00:00:00-04:00,2015,2,4,19.469999313354492,19.170000076293945,21.100000381469727,18.639999389648438,4446600,55686229,1084210840.393301,1.084210840393301,,,,,,,,47.90071,19.380201,4.02529,-63.928066,,,,,Technology,Software - Infrastructure,Israel,5326,2015-Q2
WIX,WIX.COM LTD,2015-05-01 00:00:00-04:00,2015,2,5,24.90999984741211,19.469999313354492,25.81999969482422,19.299999237060547,6529700,55686229,1387143955.8929558,1.3871439558929557,,,,,,,,47.90071,19.380201,4.02529,-63.928066,,,,,Technology,Software - Infrastructure,Israel,5326,2015-Q2
WIX,WIX.COM LTD,2015-06-01 00:00:00-04:00,2015,2,6,23.6200008392334,24.6200008392334,25.489999771118164,23.18000030517578,5219800,55686229,1315308775.7137432,1.3153087757137432,,,,,,,,47.90071,19.380201,4.02529,-63.928066,,,,,Technology,Software - Infrastructure,Israel,5326,2015-Q2
WIX,WIX.COM LTD,2015-07-01 00:00:00-04:00,2015,3,7,28.0,24.049999237060547,28.6299991607666,22.65999984741211,4905000,55686229,1559214412.0,1.559214412,,,,,,,,47.90071,19.380201,4.02529,-63.928066,,,,,Technology,Software - Infrastructure,Israel,5326,2015-Q3
WIX,WIX.COM LTD,2015-08-01 00:00:00-04:00,2015,3,8,19.75,28.290000915527344,28.290000915527344,19.559999465942383,8439900,55686229,1099803022.75,1.09980302275,,,,,,,,47.90071,19.380201,4.02529,-63.928066,,,,,Technology,Software - Infrastructure,Israel,5326,2015-Q3
WIX,WIX.COM LTD,2015-09-01 00:00:00-04:00,2015,3,9,17.420000076293945,19.360000610351562,20.591999053955078,17.020000457763672,5020000,55686229,970054113.4285221,0.9700541134285221,,,,,,,,47.90071,19.380201,4.02529,-63.928066,,,,,Technology,Software - Infrastructure,Israel,5326,2015-Q3
WIX,WIX.COM LTD,2015-10-01 00:00:00-04:00,2015,4,10,22.1200008392334,17.59000015258789,22.719999313354492,16.719999313354492,4793000,55686229,1231779432.2137432,1.2317794322137432,,,,,,,,47.90071,19.380201,4.02529,-63.928066,,,,,Technology,Software - Infrastructure,Israel,5326,2015-Q4
WIX,WIX.COM LTD,2015-11-01 00:00:00-04:00,2015,4,11,24.850000381469727,22.149999618530273,24.950000762939453,21.559999465942383,5399900,55686229,1383802811.8926105,1.3838028118926105,,,,,,,,47.90071,19.380201,4.02529,-63.928066,,,,,Technology,Software - Infrastructure,Israel,5326,2015-Q4
WIX,WIX.COM LTD,2015-12-01 00:00:00-05:00,2015,4,12,22.75,24.850000381469727,25.559999465942383,22.049999237060547,2970900,55686229,1266861709.75,1.26686170975,,,,,,,,47.90071,19.380201,4.02529,-63.928066,,,,,Technology,Software - Infrastructure,Israel,5326,2015-Q4
WIX,WIX.COM LTD,2016-01-01 00:00:00-05:00,2016,1,1,20.420000076293945,22.229999542236328,23.25,18.950000762939453,3657700,55686229,1137112800.428522,1.137112800428522,,,,,,,,47.90071,19.380201,4.02529,-63.928066,,,,3.2355883085511516,Technology,Software - Infrastructure,Israel,5326,2016-Q1
WIX,WIX.COM LTD,2016-02-01 00:00:00-05:00,2016,1,2,19.229999542236328,20.299999237060547,20.700000762939453,14.789999961853027,4732600,55686229,1070846158.1788673,1.0708461581788673,,,,,,,,47.90071,19.380201,4.02529,-63.928066,,,,4.909981572702082,Technology,Software - Infrastructure,Israel,5326,2016-Q1
WIX,WIX.COM LTD,2016-03-01 00:00:00-05:00,2016,1,3,20.270000457763672,19.299999237060547,20.858999252319336,19.020000457763672,3693300,55686229,1128759887.3211327,1.1287598873211326,,,,,,,,47.90071,19.380201,4.02529,-63.928066,,,,5.793322647137122,Technology,Software - Infrastructure,Israel,5326,2016-Q1
WIX,WIX.COM LTD,2016-04-01 00:00:00-04:00,2016,2,4,24.719999313354492,20.110000610351562,24.950000762939453,19.700000762939453,4208300,55686229,1376563542.643301,1.376563542643301,,,,,,,,47.90071,19.380201,4.02529,-63.928066,,,,26.964561813821007,Technology,Software - Infrastructure,Israel,5326,2016-Q2
WIX,WIX.COM LTD,2016-05-01 00:00:00-04:00,2016,2,5,27.65999984741211,24.700000762939453,27.690000534057617,24.072999954223633,8897300,55686229,1540281085.6429558,1.5402810856429558,,,,,,,,47.90071,19.380201,4.02529,-63.928066,,,,11.039743142694935,Technology,Software - Infrastructure,Israel,5326,2016-Q2
WIX,WIX.COM LTD,2016-06-01 00:00:00-04:00,2016,2,6,30.350000381469727,27.5,30.420000076293945,26.309999465942383,12333300,55686229,1690077071.3926105,1.6900770713926105,,,,,,,,47.90071,19.380201,4.02529,-63.928066,,,,28.492799759166964,Technology,Software - Infrastructure,Israel,5326,2016-Q2
WIX,WIX.COM LTD,2016-07-01 00:00:00-04:00,2016,3,7,35.599998474121094,30.43000030517578,37.77000045776367,30.309999465942383,7478000,55686229,1982429667.4295578,1.9824296674295578,,,,,,,,47.90071,19.380201,4.02529,-63.928066,,,,27.14285169328963,Technology,Software - Infrastructure,Israel,5326,2016-Q3
WIX,WIX.COM LTD,2016-08-01 00:00:00-04:00,2016,3,8,41.81999969482422,35.20000076293945,42.79999923706055,35.11000061035156,8978100,55686229,2328798079.7859116,2.3287980797859116,,,,,,,,47.90071,19.380201,4.02529,-63.928066,,,,111.74683389784414,Technology,Software - Infrastructure,Israel,5326,2016-Q3
WIX,WIX.COM LTD,2016-09-01 00:00:00-04:00,2016,3,9,43.43000030517578,41.61000061035156,49.4900016784668,41.060001373291016,7767700,55686229,2418452942.4640884,2.4184529424640884,,,,,,,,47.90071,19.380201,4.02529,-63.928066,,,,149.31113728453775,Technology,Software - Infrastructure,Israel,5326,2016-Q3
WIX,WIX.COM LTD,2016-10-01 00:00:00-04:00,2016,4,10,40.0,44.20000076293945,47.0,38.900001525878906,5939000,55686229,2227449160.0,2.22744916,,,,,,,,47.90071,19.380201,4.02529,-63.928066,,,,80.83181954068253,Technology,Software - Infrastructure,Israel,5326,2016-Q4
WIX,WIX.COM LTD,2016-11-01 00:00:00-04:00,2016,4,11,49.5,39.900001525878906,52.5,38.650001525878906,8423300,55686229,2756468335.5,2.7564683355,,,,,,,,47.90071,19.380201,4.02529,-63.928066,,,,99.19516796833294,Technology,Software - Infrastructure,Israel,5326,2016-Q4
WIX,WIX.COM LTD,2016-12-01 00:00:00-05:00,2016,4,12,44.54999923706055,49.099998474121094,49.849998474121094,42.79999923706055,6473500,55686229,2480821459.464779,2.480821459464779,,,,,,,,47.90071,19.380201,4.02529,-63.928066,,,,95.8241724705958,Technology,Software - Infrastructure,Israel,5326,2016-Q4
WIX,WIX.COM LTD,2017-01-01 00:00:00-05:00,2017,1,1,52.54999923706055,45.25,56.849998474121094,44.45000076293945,7033600,55686229,2926311291.464779,2.926311291464779,,,,,,,,47.90071,19.380201,4.02529,-63.928066,,,,157.345734773366,Technology,Software - Infrastructure,Israel,5326,2017-Q1
WIX,WIX.COM LTD,2017-02-01 00:00:00-05:00,2017,1,2,62.29999923706055,53.099998474121094,66.9000015258789,51.04999923706055,11118000,55686229,3469252024.214779,3.469252024214779,,,,,,,,47.90071,19.380201,4.02529,-63.928066,,,,223.9729626629801,Technology,Software - Infrastructure,Israel,5326,2017-Q1
WIX,WIX.COM LTD,2017-03-01 00:00:00-05:00,2017,1,3,67.9000015258789,63.25,71.0999984741211,60.45000076293945,11661000,55686229,3781095034.070442,3.781095034070442,,,,,,,,47.90071,19.380201,4.02529,-63.928066,,,,234.97779966685854,Technology,Software - Infrastructure,Israel,5326,2017-Q1
WIX,WIX.COM LTD,2017-04-01 00:00:00-04:00,2017,2,4,82.44999694824219,69.3499984741211,86.1500015258789,67.1500015258789,29835500,55686229,4591329411.109116,4.591329411109116,,,,,,,,47.90071,19.380201,4.02529,-63.928066,,,,233.53559562479518,Technology,Software - Infrastructure,Israel,5326,2017-Q2
WIX,WIX.COM LTD,2017-05-01 00:00:00-04:00,2017,2,5,73.69999694824219,82.1500015258789,83.5,70.69999694824219,21546900,55686229,4104074907.3591156,4.104074907359116,,,,,,,,47.90071,19.380201,4.02529,-63.928066,,,,166.44973736374627,Technology,Software - Infrastructure,Israel,5326,2017-Q2
WIX,WIX.COM LTD,2017-06-01 00:00:00-04:00,2017,2,6,69.5999984741211,73.80000305175781,80.3499984741211,67.25,18387200,55686229,3875761453.429558,3.8757614534295577,,,,,,,,47.90071,19.380201,4.02529,-63.928066,,,,129.32453904223195,Technology,Software - Infrastructure,Israel,5326,2017-Q2
WIX,WIX.COM LTD,2017-07-01 00:00:00-04:00,2017,3,7,61.70000076293945,70.19999694824219,77.92500305175781,61.0,20066200,55686229,3435840371.785221,3.435840371785221,,,,,,,,47.90071,19.380201,4.02529,-63.928066,,,,73.31461631323208,Technology,Software - Infrastructure,Israel,5326,2017-Q3
WIX,WIX.COM LTD,2017-08-01 00:00:00-04:00,2017,3,8,65.0999984741211,62.900001525878906,66.6500015258789,54.54999923706055,19327600,55686229,3625173422.929558,3.625173422929558,,,,,,,,47.90071,19.380201,4.02529,-63.928066,,,,55.66714239402084,Technology,Software - Infrastructure,Israel,5326,2017-Q3
WIX,WIX.COM LTD,2017-09-01 00:00:00-04:00,2017,3,9,71.8499984741211,65.1500015258789,72.4000015258789,63.400001525878906,10396700,55686229,4001055468.679558,4.001055468679557,,,,,,,,47.90071,19.380201,4.02529,-63.928066,,,,65.43863221101188,Technology,Software - Infrastructure,Israel,5326,2017-Q3
WIX,WIX.COM LTD,2017-10-01 00:00:00-04:00,2017,4,10,69.80000305175781,72.44999694824219,73.3499984741211,67.05000305175781,9403400,55686229,3886898954.1408844,3.8868989541408845,,,,,,,,47.90071,19.380201,4.02529,-63.928066,,,,74.50000762939453,Technology,Software - Infrastructure,Israel,5326,2017-Q4
WIX,WIX.COM LTD,2017-11-01 00:00:00-04:00,2017,4,11,54.900001525878906,70.0,71.80000305175781,52.79999923706055,18849000,55686229,3057174057.070442,3.057174057070442,,,,,,,,47.90071,19.380201,4.02529,-63.928066,,,,10.909093991674567,Technology,Software - Infrastructure,Israel,5326,2017-Q4
WIX,WIX.COM LTD,2017-12-01 00:00:00-05:00,2017,4,12,57.54999923706055,54.54999923706055,61.599998474121094,50.900001525878906,10944500,55686229,3204742436.464779,3.204742436464779,,,,,,,,47.90071,19.380201,4.02529,-63.928066,,,,29.180696347095502,Technology,Software - Infrastructure,Israel,5326,2017-Q4
WIX,WIX.COM LTD,2018-01-01 00:00:00-05:00,2018,1,1,61.04999923706055,57.04999923706055,63.20000076293945,56.95000076293945,11126400,55686229,3399644237.964779,3.399644237964779,,,,,,,,47.90071,19.380201,4.02529,-63.928066,,,,16.175071595444336,Technology,Software - Infrastructure,Israel,5326,2018-Q1
WIX,WIX.COM LTD,2018-02-01 00:00:00-05:00,2018,1,2,75.05000305175781,61.04999923706055,77.8499984741211,55.79999923706055,17258900,55686229,4179251656.3908844,4.179251656390885,,,,,,,,47.90071,19.380201,4.02529,-63.928066,,,,20.46549594034768,Technology,Software - Infrastructure,Israel,5326,2018-Q1
WIX,WIX.COM LTD,2018-03-01 00:00:00-05:00,2018,1,3,79.55000305175781,75.0,87.6500015258789,73.6500015258789,11930000,55686229,4429839686.890884,4.429839686890884,,,,,,,,47.90071,19.380201,4.02529,-63.928066,,,,17.157586545029325,Technology,Software - Infrastructure,Israel,5326,2018-Q1
WIX,WIX.COM LTD,2018-04-01 00:00:00-04:00,2018,2,4,82.25,78.80000305175781,89.94999694824219,75.6500015258789,10903800,55686229,4580192335.25,4.58019233525,,,,,,,,47.90071,19.380201,4.02529,-63.928066,,,,-0.24256756294088744,Technology,Software - Infrastructure,Israel,5326,2018-Q2
WIX,WIX.COM LTD,2018-05-01 00:00:00-04:00,2018,2,5,86.94999694824219,82.6500015258789,89.94999694824219,76.05000305175781,11489200,55686229,4841917441.609116,4.841917441609116,,,,,,,,47.90071,19.380201,4.02529,-63.928066,,,,17.978291110792277,Technology,Software - Infrastructure,Israel,5326,2018-Q2
WIX,WIX.COM LTD,2018-06-01 00:00:00-04:00,2018,2,6,100.30000305175781,87.69999694824219,109.19999694824219,86.375,18396800,55686229,5585328938.640884,5.585328938640885,,,,,,,,47.90071,19.380201,4.02529,-63.928066,,,,44.10920294639331,Technology,Software - Infrastructure,Israel,5326,2018-Q2
WIX,WIX.COM LTD,2018-07-01 00:00:00-04:00,2018,3,7,95.0,99.5,112.4000015258789,94.75,16157200,55686229,5290191755.0,5.290191755,,,,,,,,47.90071,19.380201,4.02529,-63.928066,,,,53.970824676330366,Technology,Software - Infrastructure,Israel,5326,2018-Q3
WIX,WIX.COM LTD,2018-08-01 00:00:00-04:00,2018,3,8,111.0999984741211,95.0,111.3499984741211,94.01000213623047,9967000,55686229,6186739956.929558,6.186739956929558,,,,,,,,47.90071,19.380201,4.02529,-63.928066,,,,70.66052392963753,Technology,Software - Infrastructure,Israel,5326,2018-Q3
WIX,WIX.COM LTD,2018-09-01 00:00:00-04:00,2018,3,9,119.69999694824219,109.75,121.0999984741211,102.9000015258789,8131000,55686229,6665641441.359116,6.665641441359115,,,,,,,,47.90071,19.380201,4.02529,-63.928066,,,,66.59707653488078,Technology,Software - Infrastructure,Israel,5326,2018-Q3
WIX,WIX.COM LTD,2018-10-01 00:00:00-04:00,2018,4,10,97.3499984741211,120.52999877929688,121.44999694824219,87.93000030517578,15681100,55686229,5421054308.179558,5.421054308179558,,,,,,,,47.90071,19.380201,4.02529,-63.928066,,,,39.46990575621396,Technology,Software - Infrastructure,Israel,5326,2018-Q4
WIX,WIX.COM LTD,2018-11-01 00:00:00-04:00,2018,4,11,94.18000030517578,98.31999969482422,106.19000244140625,82.11199951171875,24520200,55686229,5244529064.214088,5.244529064214088,,,,,,,,47.90071,19.380201,4.02529,-63.928066,,,,71.54826536895627,Technology,Software - Infrastructure,Israel,5326,2018-Q4
WIX,WIX.COM LTD,2018-12-01 00:00:00-05:00,2018,4,12,90.33999633789062,97.44999694824219,97.96499633789062,80.19999694824219,16058400,55686229,5030693723.930939,5.030693723930939,,,,,,,,47.90071,19.380201,4.02529,-63.928066,,,,56.976537854954934,Technology,Software - Infrastructure,Israel,5326,2018-Q4
WIX,WIX.COM LTD,2019-01-01 00:00:00-05:00,2019,1,1,109.3499984741211,88.0,110.6500015258789,84.83999633789062,10345000,55686229,6089289056.179558,6.089289056179558,,,,,,,,47.90071,19.380201,4.02529,-63.928066,,,,79.11547885448607,Technology,Software - Infrastructure,Israel,5326,2019-Q1
WIX,WIX.COM LTD,2019-02-01 00:00:00-05:00,2019,1,2,109.25,108.83999633789062,125.83999633789062,106.58999633789062,20888800,55686229,6083720518.25,6.08372051825,,,,,,,,47.90071,19.380201,4.02529,-63.928066,,,,45.56961433386799,Technology,Software - Infrastructure,Israel,5326,2019-Q1
WIX,WIX.COM LTD,2019-03-01 00:00:00-05:00,2019,1,3,120.83000183105469,110.5,123.23999786376953,104.61199951171875,14302500,55686229,6728567152.034531,6.728567152034531,,,,,,,,47.90071,19.380201,4.02529,-63.928066,,,,51.89188836666514,Technology,Software - Infrastructure,Israel,5326,2019-Q1
WIX,WIX.COM LTD,2019-04-01 00:00:00-04:00,2019,2,4,134.16000366210938,120.94999694824219,135.07000732421875,115.33999633789062,10841000,55686229,7470864686.569061,7.470864686569061,,,,,,,,47.90071,19.380201,4.02529,-63.928066,,,,63.112466458491646,Technology,Software - Infrastructure,Israel,5326,2019-Q2
WIX,WIX.COM LTD,2019-05-01 00:00:00-04:00,2019,2,5,137.33999633789062,135.1999969482422,143.82000732421875,131.22999572753906,17709300,55686229,7647946486.930939,7.647946486930938,,,,,,,,47.90071,19.380201,4.02529,-63.928066,,,,57.95284779554801,Technology,Software - Infrastructure,Israel,5326,2019-Q2
WIX,WIX.COM LTD,2019-06-01 00:00:00-04:00,2019,2,6,142.10000610351562,137.30999755859375,149.58999633789062,131.56500244140625,9358000,55686229,7913013480.781769,7.9130134807817685,,,,,,,,47.90071,19.380201,4.02529,-63.928066,,,,41.674976849390276,Technology,Software - Infrastructure,Israel,5326,2019-Q2
WIX,WIX.COM LTD,2019-07-01 00:00:00-04:00,2019,3,7,148.52000427246094,144.1199951171875,155.75,139.16000366210938,12522700,55686229,8270518968.997238,8.270518968997239,,,,,,,,47.90071,19.380201,4.02529,-63.928066,,,,56.33684660259046,Technology,Software - Infrastructure,Israel,5326,2019-Q3
WIX,WIX.COM LTD,2019-08-01 00:00:00-04:00,2019,3,8,140.25,149.35000610351562,155.75,136.13999938964844,8775300,55686229,7809993617.25,7.80999361725,,,,,,,,47.90071,19.380201,4.02529,-63.928066,,,,26.237625496159577,Technology,Software - Infrastructure,Israel,5326,2019-Q3
WIX,WIX.COM LTD,2019-09-01 00:00:00-04:00,2019,3,9,116.73999786376953,138.61000061035156,140.77999877929688,111.56999969482422,10967600,55686229,6500810254.501381,6.500810254501381,,,,,,,,47.90071,19.380201,4.02529,-63.928066,,,,-2.472848086832069,Technology,Software - Infrastructure,Israel,5326,2019-Q3
WIX,WIX.COM LTD,2019-10-01 00:00:00-04:00,2019,4,10,122.06999969482422,117.58000183105469,127.12000274658203,111.5999984741211,10055000,55686229,6797617957.035912,6.797617957035912,,,,,,,,47.90071,19.380201,4.02529,-63.928066,,,,25.39291382451796,Technology,Software - Infrastructure,Israel,5326,2019-Q4
WIX,WIX.COM LTD,2019-11-01 00:00:00-04:00,2019,4,11,120.88999938964844,123.0,135.97999572753906,119.33000183105469,14763100,55686229,6731908189.821823,6.731908189821823,,,,,,,,47.90071,19.380201,4.02529,-63.928066,,,,28.360585047699118,Technology,Software - Infrastructure,Israel,5326,2019-Q4
WIX,WIX.COM LTD,2019-12-01 00:00:00-05:00,2019,4,12,122.37999725341797,120.29000091552734,123.69000244140625,116.36000061035156,9179100,55686229,6814880552.073204,6.814880552073204,,,,,,,,47.90071,19.380201,4.02529,-63.928066,,,,35.466019719207196,Technology,Software - Infrastructure,Israel,5326,2019-Q4
WIX,WIX.COM LTD,2020-01-01 00:00:00-05:00,2020,1,1,142.69000244140625,123.20999908447266,145.3699951171875,123.20999908447266,10901600,55686229,7945868151.9627075,7.945868151962707,,,,,,,,47.90071,19.380201,4.02529,-63.928066,,,,30.4892587402966,Technology,Software - Infrastructure,Israel,5326,2020-Q1
WIX,WIX.COM LTD,2020-02-01 00:00:00-05:00,2020,1,2,134.02999877929688,142.5,156.39700317382812,127.51000213623047,15534300,55686229,7463625204.893646,7.4636252048936464,,,,,,,,47.90071,19.380201,4.02529,-63.928066,,,,22.681921079447932,Technology,Software - Infrastructure,Israel,5326,2020-Q1
WIX,WIX.COM LTD,2020-03-01 00:00:00-05:00,2020,1,3,100.81999969482422,134.19000244140625,141.82000732421875,76.81099700927734,23894800,55686229,5614285590.785912,5.6142855907859115,,,,,,,,47.90071,19.380201,4.02529,-63.928066,,,,-16.560458357195586,Technology,Software - Infrastructure,Israel,5326,2020-Q1
WIX,WIX.COM LTD,2020-04-01 00:00:00-04:00,2020,2,4,130.80999755859375,97.12999725341797,137.3699951171875,89.20999908447266,13571500,55686229,7284315479.5372925,7.284315479537293,,,,,,,,47.90071,19.380201,4.02529,-63.928066,,,,-2.4970229666606336,Technology,Software - Infrastructure,Israel,5326,2020-Q2
WIX,WIX.COM LTD,2020-05-01 00:00:00-04:00,2020,2,5,222.3300018310547,129.77999877929688,222.75,122.23999786376953,29466600,55686229,12380719395.53453,12.38071939553453,,,,,,,,47.90071,19.380201,4.02529,-63.928066,,,,61.882923954699585,Technology,Software - Infrastructure,Israel,5326,2020-Q2
WIX,WIX.COM LTD,2020-06-01 00:00:00-04:00,2020,2,6,256.2200012207031,221.0,256.87298583984375,208.50999450683594,16178400,55686229,14267925662.356354,14.267925662356355,,,,,,,,47.90071,19.380201,4.02529,-63.928066,,,,80.30963421215793,Technology,Software - Infrastructure,Israel,5326,2020-Q2
WIX,WIX.COM LTD,2020-07-01 00:00:00-04:00,2020,3,7,290.4800109863281,258.4100036621094,299.8299865722656,254.67999267578125,14290400,55686229,16175736411.707184,16.175736411707184,,,,,,,,47.90071,19.380201,4.02529,-63.928066,,,,95.58308822388707,Technology,Software - Infrastructure,Israel,5326,2020-Q3
WIX,WIX.COM LTD,2020-08-01 00:00:00-04:00,2020,3,8,294.6300048828125,294.7699890136719,319.3399963378906,264.7200012207031,20178300,55686229,16406833922.175415,16.406833922175416,,,,,,,,47.90071,19.380201,4.02529,-63.928066,,,,110.07486979166666,Technology,Software - Infrastructure,Israel,5326,2020-Q3
WIX,WIX.COM LTD,2020-09-01 00:00:00-04:00,2020,3,9,254.85000610351562,296.75,305.9849853515625,240.52000427246094,12898000,55686229,14191635800.531769,14.191635800531769,,,,,,,,47.90071,19.380201,4.02529,-63.928066,,,,118.30564568016734,Technology,Software - Infrastructure,Israel,5326,2020-Q3
WIX,WIX.COM LTD,2020-10-01 00:00:00-04:00,2020,4,10,247.32000732421875,259.0,298.739013671875,244.80999755859375,10457800,55686229,13772318564.138123,13.772318564138123,,,,,,,,47.90071,19.380201,4.02529,-63.928066,,,,102.60506917548975,Technology,Software - Infrastructure,Israel,5326,2020-Q4
WIX,WIX.COM LTD,2020-11-01 00:00:00-04:00,2020,4,11,255.42999267578125,250.0,287.17999267578125,233.22999572753906,15714100,55686229,14223933065.611877,14.223933065611877,,,,,,,,47.90071,19.380201,4.02529,-63.928066,,,,111.29125152237629,Technology,Software - Infrastructure,Israel,5326,2020-Q4
WIX,WIX.COM LTD,2020-12-01 00:00:00-05:00,2020,4,12,249.9600067138672,257.989990234375,277.6499938964844,243.03199768066406,12969300,55686229,13919330174.709946,13.919330174709946,,,,,,,,47.90071,19.380201,4.02529,-63.928066,,,,104.24907037402798,Technology,Software - Infrastructure,Israel,5326,2020-Q4
WIX,WIX.COM LTD,2021-01-01 00:00:00-05:00,2021,1,1,247.0500030517578,253.32000732421875,272.1499938964844,236.89999389648438,10823800,55686229,13757283044.390884,13.757283044390885,,,,,,,,47.90071,19.380201,4.02529,-63.928066,,,,73.13757013439368,Technology,Software - Infrastructure,Israel,5326,2021-Q1
WIX,WIX.COM LTD,2021-02-01 00:00:00-05:00,2021,1,2,348.57000732421875,248.58999633789062,362.07000732421875,248.00999450683594,18557300,55686229,19410549250.388123,19.410549250388122,,,,,,,,47.90071,19.380201,4.02529,-63.928066,,,,160.06864918218673,Technology,Software - Infrastructure,Israel,5326,2021-Q1
WIX,WIX.COM LTD,2021-03-01 00:00:00-05:00,2021,1,3,279.2200012207031,354.54998779296875,361.6199951171875,263.6600036621094,14859700,55686229,15548708929.356354,15.548708929356353,,,,,,,,47.90071,19.380201,4.02529,-63.928066,,,,176.94902010105582,Technology,Software - Infrastructure,Israel,5326,2021-Q1
WIX,WIX.COM LTD,2021-04-01 00:00:00-04:00,2021,2,4,317.8800048828125,289.1499938964844,329.0,283.8900146484375,8403800,55686229,17701538746.425415,17.701538746425417,,,,,,,,47.90071,19.380201,4.02529,-63.928066,,,,143.0089525385278,Technology,Software - Infrastructure,Israel,5326,2021-Q2
WIX,WIX.COM LTD,2021-05-01 00:00:00-04:00,2021,2,5,259.8599853515625,316.3299865722656,322.70001220703125,213.1199951171875,24193600,55686229,14470622652.223755,14.470622652223755,,,,,,,,47.90071,19.380201,4.02529,-63.928066,,,,16.880305496973058,Technology,Software - Infrastructure,Israel,5326,2021-Q2
WIX,WIX.COM LTD,2021-06-01 00:00:00-04:00,2021,2,6,290.2799987792969,261.6000061035156,308.989990234375,250.3699951171875,15638400,55686229,16164598486.143646,16.164598486143646,,,,,,,,47.90071,19.380201,4.02529,-63.928066,,,,13.29326258540413,Technology,Software - Infrastructure,Israel,5326,2021-Q2
WIX,WIX.COM LTD,2021-07-01 00:00:00-04:00,2021,3,7,298.6400146484375,291.25,309.0,272.0,8528700,55686229,16630136244.276245,16.630136244276244,,,,,,,,47.90071,19.380201,4.02529,-63.928066,,,,2.8091446411069754,Technology,Software - Infrastructure,Israel,5326,2021-Q3
WIX,WIX.COM LTD,2021-08-01 00:00:00-04:00,2021,3,8,222.0800018310547,299.55999755859375,302.7699890136719,196.19000244140625,24519200,55686229,12366797838.28453,12.36679783828453,,,,,,,,47.90071,19.380201,4.02529,-63.928066,,,,-24.624105437127554,Technology,Software - Infrastructure,Israel,5326,2021-Q3
WIX,WIX.COM LTD,2021-09-01 00:00:00-04:00,2021,3,9,195.97000122070312,222.41000366210938,234.99000549316406,192.44000244140625,12024400,55686229,10912830365.106354,10.912830365106354,,,,,,,,47.90071,19.380201,4.02529,-63.928066,,,,-23.103787903735217,Technology,Software - Infrastructure,Israel,5326,2021-Q3
WIX,WIX.COM LTD,2021-10-01 00:00:00-04:00,2021,4,10,185.9600067138672,195.89999389648438,202.7050018310547,171.3699951171875,12666900,55686229,10355411518.709946,10.355411518709946,,,,,,,,47.90071,19.380201,4.02529,-63.928066,,,,-24.80996231328467,Technology,Software - Infrastructure,Israel,5326,2021-Q4
WIX,WIX.COM LTD,2021-11-01 00:00:00-04:00,2021,4,11,152.8000030517578,185.82000732421875,207.0,152.02000427246094,21189200,55686229,8508855961.140884,8.508855961140885,,,,,,,,47.90071,19.380201,4.02529,-63.928066,,,,-40.17930257481246,Technology,Software - Infrastructure,Israel,5326,2021-Q4
WIX,WIX.COM LTD,2021-12-01 00:00:00-05:00,2021,4,12,157.7899932861328,154.4600067138672,164.10000610351562,133.0,16793700,55686229,8786729700.040054,8.786729700040054,,,,,,,,47.90071,19.380201,4.02529,-63.928066,,,,-36.87390420550065,Technology,Software - Infrastructure,Israel,5326,2021-Q4
WIX,WIX.COM LTD,2022-01-01 00:00:00-05:00,2022,1,1,131.3699951171875,158.2100067138672,163.38999938964844,113.43000030517578,20132000,55686229,7315499631.824585,7.315499631824585,,,,,,,,47.90071,19.380201,4.02529,-63.928066,,,,-46.824532080792956,Technology,Software - Infrastructure,Israel,5326,2022-Q1
WIX,WIX.COM LTD,2022-02-01 00:00:00-05:00,2022,1,2,91.58000183105469,131.47000122070312,133.13999938964844,77.63999938964844,27009300,55686229,5099744953.784531,5.099744953784531,,,,,,,,47.90071,19.380201,4.02529,-63.928066,,,,-73.72694153060837,Technology,Software - Infrastructure,Israel,5326,2022-Q1
WIX,WIX.COM LTD,2022-03-01 00:00:00-05:00,2022,1,3,104.45999908447266,87.20999908447266,107.23999786376953,70.69999694824219,30214800,55686229,5816983430.357735,5.816983430357735,,,,,,,,47.90071,19.380201,4.02529,-63.928066,,,,-62.58864027369422,Technology,Software - Infrastructure,Israel,5326,2022-Q1
WIX,WIX.COM LTD,2022-04-01 00:00:00-04:00,2022,2,4,75.45999908447266,105.5,111.3499984741211,73.82099914550781,18076300,55686229,4202082789.3577347,4.202082789357735,,,,,,,,47.90071,19.380201,4.02529,-63.928066,,,,-76.26148297301958,Technology,Software - Infrastructure,Israel,5326,2022-Q2
WIX,WIX.COM LTD,2022-05-01 00:00:00-04:00,2022,2,5,63.0099983215332,74.93000030517578,83.0,56.2400016784668,37470600,55686229,3508789195.8225136,3.5087891958225135,,,,,,,,47.90071,19.380201,4.02529,-63.928066,,,,-75.75232745576912,Technology,Software - Infrastructure,Israel,5326,2022-Q2
WIX,WIX.COM LTD,2022-06-01 00:00:00-04:00,2022,2,6,65.55000305175781,63.369998931884766,69.7699966430664,53.119998931884766,25314200,55686229,3650232480.8908844,3.6502324808908844,,,,,,,,47.90071,19.380201,4.02529,-63.928066,,,,-77.41835354574457,Technology,Software - Infrastructure,Israel,5326,2022-Q2
WIX,WIX.COM LTD,2022-07-01 00:00:00-04:00,2022,3,7,59.33000183105469,66.25,72.77999877929688,56.16999816894531,14647200,55686229,3303864068.5345306,3.303864068534531,,,,,,,,47.90071,19.380201,4.02529,-63.928066,,,,-80.13327118909412,Technology,Software - Infrastructure,Israel,5326,2022-Q3
WIX,WIX.COM LTD,2022-08-01 00:00:00-04:00,2022,3,8,63.290000915527344,59.02000045776367,80.94999694824219,58.5099983215332,25402900,55686229,3524381484.3922653,3.5243814843922654,,,,,,,,47.90071,19.380201,4.02529,-63.928066,,,,-71.50126062963804,Technology,Software - Infrastructure,Israel,5326,2022-Q3
WIX,WIX.COM LTD,2022-09-01 00:00:00-04:00,2022,3,9,78.2300033569336,61.880001068115234,86.80000305175781,59.790000915527344,29379000,55686229,4356333881.604973,4.356333881604973,,,,,,,,47.90071,19.380201,4.02529,-63.928066,,,,-60.08062312107133,Technology,Software - Infrastructure,Israel,5326,2022-Q3
WIX,WIX.COM LTD,2022-10-01 00:00:00-04:00,2022,4,10,84.0999984741211,78.23999786376953,87.44000244140625,67.37000274658203,13931300,55686229,4683211773.929558,4.683211773929558,,,,,,,,47.90071,19.380201,4.02529,-63.928066,,,,-54.77522293085092,Technology,Software - Infrastructure,Israel,5326,2022-Q4
WIX,WIX.COM LTD,2022-11-01 00:00:00-04:00,2022,4,11,90.48999786376953,86.73999786376953,91.94000244140625,66.18000030517578,19057300,55686229,5039046743.251381,5.039046743251381,,,,,,,,47.90071,19.380201,4.02529,-63.928066,,,,-40.77879839235479,Technology,Software - Infrastructure,Israel,5326,2022-Q4
WIX,WIX.COM LTD,2022-12-01 00:00:00-05:00,2022,4,12,76.83000183105469,90.7699966430664,95.77999877929688,71.22000122070312,16732600,55686229,4278373076.0345306,4.278373076034531,,,,,,,,47.90071,19.380201,4.02529,-63.928066,,,,-51.30869820639836,Technology,Software - Infrastructure,Israel,5326,2022-Q4
WIX,WIX.COM LTD,2023-01-01 00:00:00-05:00,2023,1,1,86.9800033569336,77.56999969482422,89.51000213623047,70.27999877929688,12567400,55686229,4843588385.354973,4.843588385354973,,,,,,,,47.90071,19.380201,4.02529,-63.928066,,,,-33.790053596832514,Technology,Software - Infrastructure,Israel,5326,2023-Q1
WIX,WIX.COM LTD,2023-02-01 00:00:00-05:00,2023,1,2,90.52999877929688,86.7300033569336,97.08000183105469,80.76000213623047,17114700,55686229,5041274243.393646,5.041274243393646,,,,,,,,47.90071,19.380201,4.02529,-63.928066,,,,-1.1465418549508666,Technology,Software - Infrastructure,Israel,5326,2023-Q1
WIX,WIX.COM LTD,2023-03-01 00:00:00-05:00,2023,1,3,99.80000305175781,90.0,100.19999694824219,83.73200225830078,15099700,55686229,5557485824.140884,5.557485824140884,,,,,,,,47.90071,19.380201,4.02529,-63.928066,,,,-4.461033958986049,Technology,Software - Infrastructure,Israel,5326,2023-Q1
WIX,WIX.COM LTD,2023-04-01 00:00:00-04:00,2023,2,4,87.2300033569336,98.31999969482422,101.55000305175781,84.12999725341797,9389700,55686229,4857509942.604973,4.857509942604973,,,,,,,,47.90071,19.380201,4.02529,-63.928066,,,,15.597673489612918,Technology,Software - Infrastructure,Israel,5326,2023-Q2
WIX,WIX.COM LTD,2023-05-01 00:00:00-04:00,2023,2,5,76.22000122070312,86.6500015258789,89.25,73.91999816894531,28002900,55686229,4244404442.3563538,4.244404442356354,,,,,,,,47.90071,19.380201,4.02529,-63.928066,,,,20.96493136178279,Technology,Software - Infrastructure,Israel,5326,2023-Q2
WIX,WIX.COM LTD,2023-06-01 00:00:00-04:00,2023,2,6,78.23999786376953,75.3499984741211,90.94999694824219,73.38999938964844,26810400,55686229,4356890438.001381,4.356890438001381,,,,,,,,47.90071,19.380201,4.02529,-63.928066,,,,19.359258918709422,Technology,Software - Infrastructure,Israel,5326,2023-Q2
WIX,WIX.COM LTD,2023-07-01 00:00:00-04:00,2023,3,7,94.31999969482422,78.81999969482422,94.53600311279297,75.08999633789062,16619900,55686229,5252325102.285912,5.252325102285911,,,,,,,,47.90071,19.380201,4.02529,-63.928066,,,,58.97521790645717,Technology,Software - Infrastructure,Israel,5326,2023-Q3
WIX,WIX.COM LTD,2023-08-01 00:00:00-04:00,2023,3,8,98.7699966430664,92.98999786376953,102.81999969482422,84.30000305175781,16475800,55686229,5500128651.395027,5.500128651395027,,,,,,,,47.90071,19.380201,4.02529,-63.928066,,,,56.05940150782101,Technology,Software - Infrastructure,Israel,5326,2023-Q3
WIX,WIX.COM LTD,2023-09-01 00:00:00-04:00,2023,3,9,91.80000305175781,100.0,101.16000366210938,87.23999786376953,9707400,55686229,5111995992.140884,5.111995992140884,,,,,,,,47.90071,19.380201,4.02529,-63.928066,,,,17.346285456373423,Technology,Software - Infrastructure,Israel,5326,2023-Q3
WIX,WIX.COM LTD,2023-10-01 00:00:00-04:00,2023,4,10,79.9000015258789,91.69000244140625,92.63300323486328,77.5199966430664,9752000,55686229,4449329782.070442,4.449329782070442,,,,,,,,47.90071,19.380201,4.02529,-63.928066,,,,-4.994051158674628,Technology,Software - Infrastructure,Israel,5326,2023-Q4
WIX,WIX.COM LTD,2023-11-01 00:00:00-04:00,2023,4,11,101.5,79.31999969482422,103.25,76.9000015258789,12790400,55686229,5652152243.5,5.6521522435,,,,,,,,47.90071,19.380201,4.02529,-63.928066,,,,12.167092934188982,Technology,Software - Infrastructure,Israel,5326,2023-Q4
WIX,WIX.COM LTD,2023-12-01 00:00:00-05:00,2023,4,12,123.0199966430664,101.52999877929688,127.41899871826172,100.17900085449219,11275400,55686229,6850519704.645027,6.850519704645027,,,,,,,,47.90071,19.380201,4.02529,-63.928066,,,,60.119736705956605,Technology,Software - Infrastructure,Israel,5326,2023-Q4
WIX,WIX.COM LTD,2024-01-01 00:00:00-05:00,2024,1,1,126.87999725341797,121.19999694824219,133.08999633789062,114.18000030517578,12513000,55686229,7065468582.573204,7.065468582573204,,,,,,,,47.90071,19.380201,4.02529,-63.928066,,,,45.872605606543424,Technology,Software - Infrastructure,Israel,5326,2024-Q1
WIX,WIX.COM LTD,2024-02-01 00:00:00-05:00,2024,1,2,140.17999267578125,127.9000015258789,141.25,122.49800109863281,14075200,55686229,7806095173.361877,7.806095173361878,,,,,,,,47.90071,19.380201,4.02529,-63.928066,,,,54.84369221911305,Technology,Software - Infrastructure,Israel,5326,2024-Q1
WIX,WIX.COM LTD,2024-03-01 00:00:00-05:00,2024,1,3,137.47999572753906,140.0,146.2100067138672,133.85000610351562,9816700,55686229,7655742525.002762,7.655742525002762,,,,,,,,47.90071,19.380201,4.02529,-63.928066,,,,37.75550252863202,Technology,Software - Infrastructure,Israel,5326,2024-Q1
WIX,WIX.COM LTD,2024-04-01 00:00:00-04:00,2024,2,4,118.87000274658203,137.6699981689453,139.0,117.76699829101562,8459500,55686229,6619422194.176796,6.619422194176796,435746000.0,435.746,294072000.0,39518000.0,28605000.0,36497000.0,3.7977527012163024,47.90071,19.380201,4.02529,-63.928066,,,,36.271922700933246,Technology,Software - Infrastructure,Israel,5326,2024-Q2
WIX,WIX.COM LTD,2024-05-01 00:00:00-04:00,2024,2,5,161.10000610351562,119.33999633789062,174.0850067138672,117.58000183105469,23000600,55686229,8971051831.781769,8.971051831781768,435746000.0,435.746,294072000.0,39518000.0,28605000.0,36497000.0,5.146950191041208,47.90071,19.380201,4.02529,-63.928066,,0.0,,111.36185190686811,Technology,Software - Infrastructure,Israel,5326,2024-Q2
WIX,WIX.COM LTD,2024-06-01 00:00:00-04:00,2024,2,6,159.07000732421875,162.41000366210938,178.64999389648438,155.49000549316406,11654600,55686229,8858008854.888123,8.858008854888123,435746000.0,435.746,294072000.0,39518000.0,28605000.0,36497000.0,5.082094187260538,47.90071,19.380201,4.02529,-63.928066,,0.0,,103.31034211068024,Technology,Software - Infrastructure,Israel,5326,2024-Q2
WIX,WIX.COM LTD,2024-07-01 00:00:00-04:00,2024,3,7,155.9250030517578,159.30999755859375,169.5800018310547,150.6999969482422,9503000,55686229,8682875426.765884,8.682875426765884,444673000.0,444.673,302645000.0,26778000.0,25846000.0,33406000.0,4.881607061124627,47.90071,19.380201,4.02529,-63.928066,,2.048670555782506,,65.31488926660181,Technology,Software - Infrastructure,Israel,5326,2024-Q3
WIX,WIX.COM LTD,2024-08-01 00:00:00-04:00,2024,3,8,166.6199951171875,156.17999267578125,175.75,137.94000244140625,10082200,55686229,9278439204.074585,9.278439204074585,444673000.0,444.673,302645000.0,26778000.0,25846000.0,33406000.0,5.216439498279963,47.90071,19.380201,4.02529,-63.928066,,0.0,2.048670555782506,68.69494864854198,Technology,Software - Infrastructure,Israel,5326,2024-Q3
WIX,WIX.COM LTD,2024-09-01 00:00:00-04:00,2024,3,9,167.1699981689453,164.97000122070312,172.4499969482422,150.38999938964844,7899700,55686229,9309066799.96547,9.30906679996547,444673000.0,444.673,302645000.0,26778000.0,25846000.0,33406000.0,5.23365866601158,47.90071,19.380201,4.02529,-63.928066,,0.0,2.048670555782506,82.10238846581856,Technology,Software - Infrastructure,Israel,5326,2024-Q3
WIX,WIX.COM LTD,2024-10-01 00:00:00-04:00,2024,4,10,167.1199951171875,165.25,179.0,155.72000122070312,8120100,55686229,9306282318.574585,9.306282318574585,460455000.0,460.455,316819000.0,48024000.0,36020000.0,98708000.0,5.052764286724319,47.90071,19.380201,4.02529,-63.928066,,3.5491248625394434,5.670505294368744,109.16144170918294,Technology,Software - Infrastructure,Israel,5326,2024-Q4
WIX,WIX.COM LTD,2024-11-01 00:00:00-04:00,2024,4,11,223.74000549316406,166.0,224.3300018310547,161.77999877929688,14108100,55686229,12459237182.353592,12.459237182353592,460455000.0,460.455,316819000.0,48024000.0,36020000.0,98708000.0,6.764633450800617,47.90071,19.380201,4.02529,-63.928066,,0.0,3.5491248625394434,120.43350294893011,Technology,Software - Infrastructure,Israel,5326,2024-Q4
WIX,WIX.COM LTD,2024-12-01 00:00:00-05:00,2024,4,12,214.5500030517578,223.0,229.7899932861328,207.0,10986400,55686229,11947480601.890884,11.947480601890884,460455000.0,460.455,316819000.0,48024000.0,36020000.0,98708000.0,6.486779708055556,47.90071,19.380201,4.02529,-63.928066,,0.0,3.5491248625394434,74.40254341272588,Technology,Software - Infrastructure,Israel,5326,2024-Q4
WIX,WIX.COM LTD,2025-01-01 00:00:00-05:00,2025,1,1,238.88999938964844,214.17999267578125,247.11000061035156,208.0,15589700,55686229,13302883211.821823,13.302883211821824,473651000.0,473.651,321859000.0,33766000.0,37405000.0,45003000.0,7.021458421824203,47.90071,19.380201,4.02529,-63.928066,,2.865860941894427,6.516698787648445,88.28026841182255,Technology,Software - Infrastructure,Israel,5326,2025-Q1
WIX,WIX.COM LTD,2025-02-01 00:00:00-05:00,2025,1,2,200.69000244140625,225.41000366210938,239.7259979248047,192.27999877929688,17734200,55686229,11175669433.962708,11.175669433962707,473651000.0,473.651,321859000.0,33766000.0,37405000.0,45003000.0,5.898683542293116,47.90071,19.380201,4.02529,-63.928066,,0.0,2.865860941894427,43.16593874104206,Technology,Software - Infrastructure,Israel,5326,2025-Q1
WIX,WIX.COM LTD,2025-03-01 00:00:00-05:00,2025,1,3,163.3800048828125,200.32000732421875,202.42999267578125,159.27000427246094,18620000,55686229,9098016365.925415,9.098016365925416,473651000.0,473.651,321859000.0,33766000.0,37405000.0,45003000.0,4.802067538084695,47.90071,19.380201,4.02529,-63.928066,,0.0,2.865860941894427,18.839111114465457,Technology,Software - Infrastructure,Israel,5326,2025-Q1
WIX,WIX.COM LTD,2025-04-01 00:00:00-04:00,2025,2,4,169.58999633789062,163.3800048828125,171.11000061035156,142.36000061035156,16806800,55686229,9443827372.180939,9.44382737218094,489930000.0,489.93,336590000.0,57703000.0,44306000.0,51675000.0,4.818967695477384,47.90071,19.380201,4.02529,-63.928066,,3.436918743969719,6.401276997752214,42.66845496709386,Technology,Software - Infrastructure,Israel,5326,2025-Q2
WIX,WIX.COM LTD,2025-05-01 00:00:00-04:00,2025,2,5,148.9499969482422,169.72999572753906,191.24000549316406,147.44500732421875,22254900,55686229,8294463639.609116,8.294463639609116,489930000.0,489.93,336590000.0,57703000.0,44306000.0,51675000.0,4.232473843002631,47.90071,19.380201,4.02529,-63.928066,,0.0,3.436918743969719,-7.541904838579827,Technology,Software - Infrastructure,Israel,5326,2025-Q2
WIX,WIX.COM LTD,2025-06-01 00:00:00-04:00,2025,2,6,158.4600067138672,148.0,164.3699951171875,144.74000549316406,20291400,55686229,8824040221.209946,8.824040221209946,489930000.0,489.93,336590000.0,57703000.0,44306000.0,51675000.0,4.502704580863565,47.90071,19.380201,4.02529,-63.928066,,0.0,3.436918743969719,-0.38347933756502917,Technology,Software - Infrastructure,Israel,5326,2025-Q2
WIX,WIX.COM LTD,2025-07-01 00:00:00-04:00,2025,3,7,136.02999877929688,158.4600067138672,167.52000427246094,135.32000732421875,15477600,55686229,7574997662.893646,7.574997662893646,,,,,,,,47.90071,19.380201,4.02529,-63.928066,,0.0,3.436918743969719,-12.759341916355126,Technology,Software - Infrastructure,Israel,5326,2025-Q3
WIX,WIX.COM LTD,2025-08-01 00:00:00-04:00,2025,3,8,141.0800018310547,134.5749969482422,145.0,114.88999938964844,34654200,55686229,7856213289.284531,7.856213289284531,,,,,,,,47.90071,19.380201,4.02529,-63.928066,,0.0,0.0,-15.328288341486251,Technology,Software - Infrastructure,Israel,5326,2025-Q3
WIX,WIX.COM LTD,2025-09-01 00:00:00-04:00,2025,3,9,177.6300048828125,138.77999877929688,190.92999267578125,136.3300018310547,47364900,55686229,9891545129.175415,9.891545129175414,,,,,,,,47.90071,19.380201,4.02529,-63.928066,,0.0,0.0,6.257107632014258,Technology,Software - Infrastructure,Israel,5326,2025-Q3
WIX,WIX.COM LTD,2025-10-01 00:00:00-04:00,2025,4,10,135.0800018310547,177.0,180.99000549316406,134.91000366210938,15822286,55686229,7522095915.284531,7.522095915284531,,,,,,,,47.90071,19.380201,4.02529,-63.928066,,0.0,0.0,-19.17184910379264,Technology,Software - Infrastructure,Israel,5326,2025-Q4
